3256 5196
324 485 327 491 “
398 499 445 592 52
671 397 874 556 Guntlttri
895 463 1142 594 Porifiensis

307 757 375 806 1204
483 723 592 813 lugere
610 741 640 786 te
649 721 789 814 pavidis,
800 719 951 813 uiilosque
959 720 1111 810 ferociter
1125 743 1211 812 urge,

451 901 455 912 ,
485 829 667 924 Respirore¹
684 852 762 916 reto,
772 826 926 920 seffospue
937 827 1083 919 resumere
1099 828 1189 896 vires.

484 937 630 1004 Protinus
642 955 731 1002 etoto
742 932 871 1029 depulfis
881 934 1012 1022 lterffilrus
1027 932 1108 1018 urle,

385 1067 392 1084 ·
482 1041 613 1138 ‘l'etnput
623 1042 792 1136 eritprttle,
806 1039 1048 1136 viilosspoliore
1065 1038 1178 1108 licebit.

394 1234 402 1250 ⁴
432 1253 543 1327 XVlll.
561 1249 744 1325 Patentibus
756 1252 867 1347 itaque
878 1249 1035 1347 portis,hi
1049 1252 1150 1346 quiin
1164 1247 1302 1322 navibus
1315 1277 1417 1347 etant,
1448 1297 1452 1304 ·

382 1361 454 1432 letis
472 1357 670 1431 clamoribus
684 1359 853 1448 irruentes,
870 1357 985 1428 territis
996 1354 1152 1449 hostibus,
1170 1355 1276 1450 hastis,
1290 1358 1417 1456 gladiis,

384 1465 513 1559 balistis,
525 1469 560 1538 &
578 1466 714 1564 sagittis,
732 1467 767 1536 ἃ
780 1464 874 1534 omni
886 1487 1007 1562 genere
1029 1464 1170 1536 telorum
1187 1487 1331 1536 mortem
1347 1467 1417 1562 spe·

383 1577 432 1647 cie
450 1598 543 1646 tenus
561 1573 789 1662 intentantes?
805 1568 860 1642 sed
879 1569 1005 1644 nullam
1023 1573 1152 1669 prorsus
1169 1569 1333 1644 fundendi
1347 1571 1417 1642 san-

382 1680 490 1780 guinis
506 1674 664 1748 habentes
678 1675 893 1767 voluntatem,
907 1697 1069 1772 tanquam
1085 1703 1164 1751 oves
1177 1677 1345 1774 dispersas,
1360 1691 1433 1750 eos'

382 1813 440 1885 per
458 1808 575 1856 omnes
599 1782 723 1879 plateas
744 1781 882 1854 civitatis
909 1779 1118 1880 abigebant,³
1136 1786 1171 1855 in
1196 1807 1288 1856 tanta
1306 1785 1415 1888 multi·
1480 1827 1483 1836 .

382 1891 495 1964 tudine
513 1891 687 1990 fugientes,
703 1888 822 1985 utipsa
837 1887 1022 1984 platearum
1034 1891 1175 1986 spatiola
1187 1891 1351 1989 capacitas
1363 1893 1415 1965 vix

380 1997 490 2097 pollet
508 1999 553 2068 eis
570 1995 612 2068 ad
635 1998 750 2096 fugam
767 1993 914 2067 sufficere
930 2027 938 2067 ε
953 1994 1117 2068 instabant
1139 2001 1230 2069 enim
1255 2001 1302 2070 eis
1321 2022 1414 2070 tanto

381 2130 503 2196 tenore
519 2107 554 2176 &
576 2107 715 2202 impetu,
735 2127 773 2175 ut
797 2127 860 2174 nec
891 2127 949 2176 eos
975 2104 1142 2200 respirare,
1167 2129 1230 2177 nec
1257 2107 1413 2202 respicere

380 2235 575 2310 paterentur.
589 2213 744 2308 Cumque
753 2233 879 2282 tantam
886 2207 1043 2282 haberent
1056 2208 1145 2282 cedis
1159 2213 1304 2308 copiam,
1311 2238 1412 2309 quan·
1489 2277 1493 2284 .

309 2305 324 2334 ⁸
379 2343 448 2391 tam
467 2315 526 2415 ipst
548 2343 720 2414 nunquam
740 2317 868 2414 sperate
886 2337 1076 2413 potuerant,
1101 2317 1280 2412 pauciffimi
1302 2345 1412 2394 tamen
1424 2331 1509 2392 (utu
1519 2331 1540 2374 o

379 2422 421 2498 ab
439 2427 484 2496 eis
501 2427 664 2522 perempti
680 2425 775 2495 sunt:
792 2419 867 2518 ipfis
885 2421 971 2492 ultro
984 2420 1204 2519 parcentibus,
1221 2428 1345 2526 quippe
1358 2431 1547 2524 quinut137e

379 2559 399 2604 a
418 2533 493 2606 vitis
511 2528 665 2630 teligiofis
677 2531 788 2602 lecum
801 2530 837 2600 in
850 2528 957 2600 castris
970 2527 1155 2628 agentibus,
1168 2531 1311 2606 Martino
1324 2533 1412 2608 vide·

378 2637 468 2708 licet'
484 2639 519 2708 ἃ
544 2636 624 2728 aliis,
648 2637 836 2732 frequenter
854 2657 947 2708 erant
975 2634 1151 2728 admoniti,
1169 2649 1237 2730 ut,4
1253 2663 1413 2736 quantum

378 2743 449 2815 fieri
465 2739 583 2841 p'offet,
601 2769 719 2814 manus
730 2743 802 2814 luas
820 2768 841 2814 a
856 2742 1015 2840 sanguine
1033 2745 1250 2817 continerent.
1273 2747 1412 2819 Cecide-

377 2875 453 2924 runt
469 2874 580 2921 tamen
597 2850 653 2921 illa
669 2849 723 2921 die
741 2850 864 2923 civium
882 2847 971 2945 quast
991 2847 1059 2920 duo
1076 2849 1190 2943 millia,
1207 2877 1278 2924 non
1298 2855 1410 2950 utique

378 2957 529 3048 anosttis,
539 2955 832 3055 sedaquibusdam
843 2955 1129 3048 Francis,1talicis,⁵
1149 2956 1410 3054 Venetis,Theo·

377 3063 529 3155 thonicis,
541 3066 576 3134 &
592 3064 730 3135 aliatum
750 3065 925 3134 nationum
938 3058 1139 3154 hominibus,
1155 3066 1212 3159 qui
1225 3068 1313 3162 ptius
1332 3093 1409 3138 cum

377 3174 422 3242 eis
449 3172 485 3244 in
511 3171 579 3267 ipsa
605 3169 684 3242 urbe
714 3168 860 3245 habitare
889 3169 1136 3261 consueverant,
1172 3169 1229 3242 sed
1263 3195 1411 3270 tempore

377 3274 555 3350 obsidionis
576 3274 708 3372 expulit,
725 3303 787 3374 pto
809 3302 850 3348 eo
874 3274 968 3374 quod
991 3274 1034 3347 de
1065 3276 1256 3372 proditione
1276 3280 1411 3376 suspect

377 3382 500 3457 civibus
525 3382 739 3477 habebantur,
772 3383 887 3456 nostris
923 3381 1124 3456 adheserant.
1156 3385 1261 3456 Cuius
1297 3389 1411 3458 iniutie

376 3517 552 3583 memores,
565 3491 611 3562 illi
628 3491 847 3589 gravissimam
857 3493 891 3562 in
899 3492 1028 3562 Grecos
1042 3487 1177 3587 plagam
1192 3491 1324 3585 titionis
1341 3519 1410 3564 ctu·

377 3595 491 3668 delitet
507 3595 718 3691 exercebant3
737 3596 779 3669 tle
798 3596 912 3668 nostris
926 3619 1037 3666 autem
1060 3595 1186 3667 nullus⁶
1203 3600 1344 3670 omnino
1361 3598 1408 3672 ibi

377 3701 529 3776 cecidille
546 3707 715 3801 reperitur,
729 3729 867 3801 excepto
885 3703 989 3774 milite
1004 3701 1154 3799 quodam
1172 3702 1278 3778 nobili
1295 3705 1409 3778 admo·
1430 3735 1536 3799 (cnut

377 3810 459 3882 dum
476 3813 510 3882 &
527 3811 670 3905 famos0,
683 3814 740 3908 qui
757 3810 838 3883 dum
851 3812 957 3882 hostes
974 3810 1199 3894 vehementius
1212 3837 1410 3918 perurgeret,

376 3921 525 3990 incautus
543 3918 612 4013 ipse
628 3919 768 4014 pariter⁷
785 3945 862 3990 cum
872 3945 971 4016 equo,
986 3920 1039 3989 cui
1049 3915 1220 4012 inlidebat,
1231 3922 1266 3992 in
1279 3921 1410 3995 foveam

414 4131 425 4164 1
444 4111 638 4185 Respitat‚(C);
651 4145 683 4154 —
700 4135 715 4167 2
730 4113 863 4179 minantes,
961 4131 974 4179 ς
994 4071 1073 4178 ltilis,
1084 4094 1132 4182 il,
1151 4115 1216 4182 M),
1239 4145 1272 4154 —
1299 4120 1313 4168 6
1338 4115 1409 4168 nullis

377 4193 445 4262 (C),
466 4221 499 4230 -
516 4211 529 4257 3
544 4193 722 4262 abigebantut,
743 4193 809 4263 (C);
828 4223 863 4236 -
924 4204 1010 4246 autem
1029 4193 1126 4259 nostris,
1145 4195 1214 4264 (C),
1233 4224 1266 4234 —
1288 4214 1302 4260 7
1318 4197 1409 4266 paritet

376 4284 434 4342 4ut
447 4273 513 4344 ornis.
529 4271 626 4344 (Com).
923 4277 949 4328 d.
963 4273 989 4326 in
1003 4272 1060 4345 (C)
1086 4301 1090 4312 ·
1339 4310 1376 4351 4
