3256 5196
260 481 262 484 ’
367 495 421 588 30
644 464 845 564 ,Guntltert'
871 463 1114 594 Porifienfis

176 701 179 711 .
279 753 344 802 ηας
358 724 450 794 redo
471 717 564 790 curso
577 717 822 817 transnavigare
850 720 1047 816 cupientem.
1065 718 1132 790 Cui
1153 717 1310 790 Martinus
1334 719 1392 792 ad·

359 819 485 920 herens,
506 824 710 924 pontificales
725 827 877 924 epistolas
897 853 956 925 per
976 827 1083 898 socios
1106 822 1190 897 misit
1212 824 1256 896 ad
1280 823 1392 921 castra,

358 973 418 1044 per
438 968 522 1041 quos
535 943 634 1014 etiam
656 941 869 1014 theothoniee
887 942 1028 1036 cohorti,
1053 969 1155 1040 quarn
1171 945 1259 1040 prius
1279 941 1392 1014 dutia-

357 1075 459 1143 verat,
481 1048 588 1124 verbis
611 1049 819 1120 excusatoriis
835 1049 1000 1142 valedixit,
1017 1049 1162 1122 secundo
1175 1075 1281 1122 nonas
1300 1050 1392 1146 april.

358 1156 489 1232 Deinde
515 1154 605 1254 apud
634 1158 816 1253 Sypuntem
839 1183 960 1229 navem
980 1157 1121 1256 ingressi,
1145 1158 1219 1256 post
1241 1154 1393 1228 laborem

357 1267 501 1340 diuturni
516 1265 674 1361 temporis
693 1287 828 1360 portum
845 1265 992 1336 Achonis
1012 1281 1196 1357 tenuerunt,
1218 1262 1275 1336 ubi
1292 1266 1393 1337 etiam

356 1371 400 1447 ab
416 1369 569 1446 omnibvs
586 1366 795 1442 celeberrime
807 1373 945 1469 suscepti
958 1375 1042 1466 sunt,
1061 1373 1201 1470 septimo
1220 1370 1283 1442 kal.
1304 1371 1391 1442 maii.
1403 1369 1555 1433 (Mis-¹²⁶*o

356 1481 428 1552 Erat
435 1502 546 1550 autem
561 1474 607 1548 ibi
615 1476 828 1550 theothonice
844 1481 951 1582 gentis
964 1505 1087 1578 magna
1103 1480 1296 1576 frequentia,
1307 1479 1392 1550 inter

247 1645 249 1654 .
358 1613 453 1686 quos,
468 1584 608 1683 quidam
628 1582 755 1657 nobiles
772 1590 807 1658 &
823 1611 976 1684 potentes
999 1589 1070 1680 viri,
1089 1589 1145 1684 qui
1162 1589 1340 1659 Matrinum
1355 1588 1391 1658 in

357 1696 537 1766 Germania
554 1694 641 1790 prius
666 1717 828 1766 noverant
846 1719 952 1790 *atque
973 1693 1162 1786 dilexerant,
1189 1721 1266 1766 eum
1288 1691 1391 1765 devo·
1451 1785 1456 1796 ,

356 1800 471 1873 tissime
485 1801 701 1896 susceperunt.
716 1801 896 1898 Capuanus
914 1828 994 1876 vero
1012 1829 1128 1874 omnes
1145 1803 1176 1873 ei
1186 1800 1391 1872 Theothoni·

357 1933 427 1999 cos,
447 1909 504 2003 qui
520 1907 573 1979 vel
590 1930 668 1977 tunc
689 1905 837 1999 aderant,
855 1909 909 1981 vel
928 1907 1144 2006 postmodum
1168 1904 1390 2005 superventuri
1401 1913 1444 1977 (0)
1457 1915 1554 1974 xmo
1625 1959 1626 1978 r

357 2011 578 2108 sperabantur,
592 2014 710 2084 summi
729 2014 894 2110 pontificis
917 2017 1122 2106 aucloritate,
1146 2011 1316 2085 commisit.
1334 2012 1390 2084 Ea·

357 2115 559 2213 dem-estate,
573 2123 663 2191 circa
677 2119 746 2192 dies
765 2123 839 2193 illos
857 2125 914 2217 qui
931 2146 1068 2220 propter
1079 2123 1214 2196 fervoris
1230 2122 1391 2194 malitiam

266 2237 269 2244 '
358 2227 573 2300 caniculares¹
591 2229 704 2299 vocari
721 2228 838 2317 solent,
858 2253 931 2300 orta
947 2229 993 2300 est
1015 2228 1062 2301 ibi
1084 2227 1268 2328 gravissima
1283 2228 1391 2324 pestis,

357 2340 393 2408 ἅ
410 2359 589 2431 corporum
609 2333 832 2406 humanorum
848 2337 1018 2432 corruptio
1042 2337 1078 2405 in
1102 2359 1242 2426 tantum,
1268 2357 1304 2410 ut
1325 2359 1392 2405 una

359 2443 413 2515 die
432 2442 504 2539 plus
518 2465 619 2537 quam
635 2438 684 2512 bis
694 2440 782 2513 mille
795 2467 938 2539 corpora
955 2465 1164 2514 mortuorum
1181 2441 1307 2538 sepulta
1323 2467 1391 2512 me-
1419 2438 1454 2499 (t)
1465 2436 1483 2485 f·
1495 2436 1543 2500 ⁹¹⁰

357 2571 528 2636 morentur
535 2579 546 2639 3
569 2569 638 2616 etat
659 2569 770 2618 autem
787 2571 856 2618 tam
879 2547 984 2620 subita
1000 2549 1232 2646 &improvisa
1253 2548 1334 2640 lues,
1356 2572 1392 2620 ut

358 2656 501 2757 quisquis
525 2649 660 2750 cepisset
685 2669 868 2751 egrotare,²
890 2656 974 2728 infra
998 2654 1144 2728 triduum
1164 2678 1308 2726 mortem
1324 2680 1391 2726 cer-

358 2762 490 2836 tisstmus
503 2760 710 2856 exspedlatet.
740 2759 838 2834 Unde
852 2765 888 2833 ἅ
902 2763 998 2834 multi
1018 2763 1124 2836 subita
1137 2759 1321 2860 egritudine
1335 2757 1391 2831 de-
1429 2781 1434 2791 ¹

357 2867 515 2968 prehensi,
534 2894 612 2940 cum
629 2866 671 2940 de
688 2864 783 2939 rebus
804 2870 866 2940 suis
884 2869 1058 2966 disponere
1070 2893 1141 2940 non
1158 2868 1315 2959 valerent,
1331 2892 1392 2940 vo·

358 3001 434 3050 cato
461 2974 590 3067 abbate,
615 2975 730 3045 omnia
745 2975 802 3046 sua
827 2975 875 3047 illi
890 2974 1074 3069 tradebant,
1099 2975 1153 3049 vel
1170 2973 1342 3048 retinenda
1355 2977 1392 3046 in

358 3085 541 3183 proprium,
559 3081 613 3154 vel
629 3078 850 3153 distribuenda
871 3083 966 3154 sociis
983 3081 1167 3182 egentibus,
1187 3105 1313 3153 retenta
1333 3077 1392 3152 srbi

358 3215 451 3291 parte
467 3190 523 3260 sua
539 3213 602 3284 pro
613 3185 718 3278 libitu,
736 3185 957 3284 disponentes.
976 3189 1091 3286 Qam
1109 3213 1180 3259 rem
1200 3187 1268 3283 ipse
1281 3187 1391 3257 Marti·

358 3326 419 3374 nus
432 3301 478 3370 ita
493 3294 631 3368 fideliter
642 3293 886 3393 exsequebatur,
906 3320 941 3366 ut
952 3298 987 3367 in
1007 3293 1138 3368 duobus
1155 3292 1281 3385 diebus,
1298 3291 1391 3388 quod

359 3409 394 3478 ἃ
410 3403 510 3503 paulo
528 3425 604 3507 ante
621 3400 747 3474 dictum
765 3401 821 3493 est,
840 3425 974 3474 centum
990 3403 1107 3500 viginti
1122 3425 1247 3472 marcas
1264 3401 1300 3470 in
1311 3397 1392 3470 tales

359 3511 433 3582 usus
441 3507 650 3606 expenderet,
660 3510 739 3580 &in
752 3509 846 3580 tertia
854 3507 1061 3606 septuaginta
1068 3533 1203 3580 marcas.
1221 3506 1392 3602 Qorum·

360 3616 439 3689 dam
456 3617 569 3686 etiam
594 3615 740 3688 virorum
762 3615 899 3686 sortium
925 3641 1026 3707 arma,
1052 3640 1116 3711 que
1142 3614 1189 3686 illi
1214 3609 1260 3684 ob
1282 3634 1392 3682 rerum

245 3707 250 3720 ⁸
359 3724 533 3823 penuriam
559 3711 696 3820 ‘pignori
727 3720 975 3818 supposuerant,
1006 3720 1075 3818 ipse
1107 3721 1251 3819 gratuito
1284 3719 1391 3814 pretio

185 3876 189 3884 ·
248 3893 251 3900 .
359 3832 433 3902 satis
448 3826 623 3902 liberaliter
638 3826 829 3901 redimebat.
858 3828 1028 3925 Amplius³
1046 3851 1157 3900 autem
1173 3853 1231 3925 per
1243 3823 1392 3899 infirmos

359 3937 487 4008 strenua
501 3938 623 4033 pietate
640 3935 831 4027 discurrens,
851 3959 920 4007 tam
937 3931 1072 4006 consilio
1090 3959 1191 4029 quam
1205 3957 1315 4004 retum
1329 3931 1392 4001 im·

360 4043 460 4140 pensa
474 4041 635 4116 benevole
650 4040 859 4140 providebat,
876 4041 1061 4114 admonens
1083 4065 1141 4113 eos
1158 4038 1200 4112 de
1217 4063 1299 4136 pura
1311 4061 1393 4110 con-

295 4163 298 4172 ‘
360 4149 504 4243 sessione,
532 4151 574 4224 de
594 4176 682 4226 certa
697 4152 754 4249 spe
771 4151 958 4242 eternitatis,
975 4174 1018 4220 ne
1039 4171 1183 4219 mortem
1206 4143 1341 4218 brevem
1357 4146 1396 4216 de

217 4307 222 4316 ·
333 4261 337 4269 ¹
399 4301 409 4336 1
426 4283 562 4350 caniculis,
583 4283 655 4353 (M),
676 4313 709 4322 -
729 4282 894 4351 aegrescere,
907 4282 942 4350 (1,
957 4280 1008 4350 C),
1023 4309 1055 4320 -
1072 4297 1084 4346 3
1100 4278 1198 4349 amplis,
1211 4276 1280 4346 (M).
