3256 5196
398 436 581 566 Historia
608 433 1075 564 Coqflontinopolitono.
1198 469 1245 562 55

195 671 403 762 'corraderet
423 687 623 783 portionem.
658 685 836 786 Assump'to
857 689 956 788 igitur
981 689 1091 760 secum
1110 689 1213 762 altero
1231 717 1332 769 enos
1383 735 1387 746 v
1424 669 1430 682 .

214 794 345 868 duobus
365 793 552 890 capellanis,
566 795 676 866 nescio
692 793 772 892 quid
785 793 911 894 grande
925 797 1121 896 presagiens,
1135 813 1249 895 quant·

214 902 294 975 dam
316 902 398 1000 petit
422 897 591 972 ecclesiam
617 927 681 998 que
706 904 741 974 in
765 927 889 1006 magna
914 905 1125 976 veneratione
1152 905 1250 978 habe·

213 1009 319 1103 batur,
344 1034 384 1080 ex
413 1033 455 1079 eo
484 1006 576 1104 quod
607 1021 729 1082 mater¹
749 1007 945 1082 famosissimi
962 1012 1167 1108 imperatoris
1180 1013 1250 1084 Em-

213 1116 373 1191 manuelis
390 1113 436 1186 ibi
461 1112 610 1187 nobilem
633 1114 776 1190 habebat
804 1115 1013 1214 sepulturam,
1040 1117 1143 1214 quod,
1173 1145 1250 1192 cum

213 1225 329 1296 Grecis
359 1247 523 1320 magnum
551 1221 730 1319 quiddam²
746 1221 919 1316 videretur,
943 1223 1043 1296 nostri
1061 1249 1123 1321 pro
1145 1225 1249 1299 nihilo
1304 1219 1325 1256 ⁹

213 1327 416 1428 reputabant.
438 1326 494 1420 lbi,
521 1327 564 1400 de
580 1354 652 1402 tota
671 1327 901 1428 circumpofita
917 1331 1052 1430 regione
1072 1333 1250 1428 plurimum

212 1439 352 1535 pecunie
369 1431 550 1531 repositum
567 1433 782 1530 servabatur,³
799 1461 862 1510 nec
884 1461 954 1508 non
971 1439 1007 1508 δε
1027 1437 1161 1534 reliquie
1178 1463 1249 1537 pre·

213 1546 305 1638 tiose,
329 1568 409 1639 quas
435 1533 487 1612 de'
502 1543 619 1616 vicinis
640 1541 780 1616 ecclesiis
806 1567 905 1642 atque
931 1541 1079 1617 cenobiis
1106 1543 1249 1618 adeum

212 1652 325 1724 locum
354 1651 425 1746 spes
456 1674 543 1722 vana
573 1651 750 1722 securitatis
776 1649 898 1722 fecerat
921 1653 1128 1750 congregari,
1156 1650 1248 1748 quod

213 1762 312 1834 etiam
344 1759 458 1830 nostris
487 1781 563 1830 ante
595 1756 682 1830 urbis
706 1757 998 1856 expugnationem,
1025 1755 1067 1829 ab
1090 1757 1139 1830 his
1163 1785 1247 1856 quos

213 1869 312 1942 Greci
324 1865 526 1964 expulerant,
538 1865 977 1964 fueratintimatum.Q1a1n
989 1861 1157 1938 ecclesiam
1169 1893 1247 1938 cum

213 1977 306 2048 multi
324 1977 575 2074 peregrinorum
592 1972 684 2046 fimul
703 1975 930 2070 irrumperent,
949 1973 984 2044 &
1010 1971 1064 2044 alii
1089 1973 1175 2046 circa
1197 2001 1247 2047 res

214 2083 300 2176 alias,
332 2107 449 2154 aurum
475 2083 595 2154 scilicet
620 2085 655 2154 ἃ
679 2105 865 2180 argentum,
890 2081 925 2152 &
950 2081 1091 2176 pretiosa
1116 2106 1247 2180 queque

77 2208 164 2274 (φης
175 2223 201 2258 vo
213 2187 408 2288 diripienda,
443 2187 564 2286 cupide
589 2213 839 2287 occuparentur,
869 2189 1038 2282 Martinus,
1071 2187 1247 2288 indignum

213 2299 337 2372 ducens
353 2295 569 2394 sacrilegium,
585 2295 664 2367 niso
679 2299 713 2368 in
734 2323 768 2368 re
781 2298 881 2388 sacra,
899 2297 1116 2388 committere,
1133 2296 1247 2368 locum

212 2407 295 2504 petit
318 2404 536 2495 secretiorem,
562 2401 618 2474 ubi
648 2430 687 2476 ea
721 2429 785 2500 que
813 2404 956 2476 maxime
985 2401 1168 2498 alsedabat,
1197 2429 1245 2474 re·

78 2513 309 2610 (obstupenti
329 2509 440 2608 posse⁵
458 2513 528 2609 ipsa
546 2511 613 2583 loci
632 2512 747 2610 religio
770 2511 961 2608 promittere
981 2509 1160 2585 videbatur.
1197 2518 1245 2585 ln·

212 2621 303 2692 venit
319 2616 365 2691 ibi
381 2619 492 2691 senem
509 2617 690 2716 quemdam
708 2617 841 2690 venusta
867 2616 961 2708 facie,
985 2614 1157 2714 barbaque
1168 2645 1245 2716 pro·
1290 2635 1293 2646 ⁴

211 2723 275 2796 lixa
293 2727 329 2795 &
345 2750 438 2818 cana,
455 2725 660 2796 sacerdotem
676 2722 799 2820 titique,
817 2721 873 2793 sed
893 2722 1009 2794 nostris
1026 2723 1245 2798 sacerdotibus

211 2829 282 2926 ipso
307 2834 455 2928 corporis
476 2830 588 2904 habitu
609 2829 705 2905 valde
733 2828 938 2930 dissimilem,
970 2828 1058 2901 unde
1078 2833 1114 2901 ἀ
1133 2829 1245 2926 abbas,

211 2935 332 3007 laicum
353 2961 449 3030 ratus,
472 2937 606 3035 placido
629 2935 765 3034 quidem
781 2938 906 3026 anim0,
928 2933 985 3007 sed
1006 2961 1091 3009 voce
1110 2935 1246 3033 quidem

212 3035 353 3136 te'rribili,
370 3045 581 3117 vehementer
599 3045 822 3148 increpitans:
840 3074 858 3106 α
877 3043 964 3140 Age,
985 3043 1102 3138 inquit,
1121 3043 1258 3140 perside.

213 3181 231 3214 a
247 3145 354 3245 seneit,
373 3152 509 3226 ostende
525 3153 605 3224 mihi
624 3178 705 3250 quas
724 3153 869 3249 potiores
887 3152 994 3224 servas
1010 3149 1172 3246 reliquias,
1192 3147 1245 3220 vel

164 3261 168 3268 ’
213 3287 230 3320 α
245 3258 326 3358 scias
343 3282 375 3329 te
391 3259 499 3330 statim
515 3262 630 3332 mortis
646 3258 808 3356 supplicio
825 3256 1070 3354 puniendum.»
1083 3257 1137 3328 llle
1153 3281 1244 3347 ver0,

211 3363 355 3440 clamore
372 3370 481 3464 potius
500 3393 601 3465 quam
617 3364 723 3440 verbis
745 3367 883 3457 territus,
907 3366 1030 3462 quippe
1048 3365 1105 3460 qui
1121 3363 1244 3436 cla'mo·

210 3497 279 3543 rem
306 3473 453 3567 audiens,
473 3473 574 3550 verba
597 3473 779 3572 intelligere
805 3497 875 3543 non
895 3469 1038 3564 valebat,
1059 3472 1162 3544 sciens
1182 3496 1245 3542 nec

210 3577 300 3649 illum
315 3583 406 3680 greci
414 3584 571 3655 sermonis
581 3580 700 3654 habere
715 3581 963 3672 commercium,
973 3605 1112 3673 romana
1119 3580 1244 3678 lingua,

212 3710 312 3780 quam
328 3715 367 3760 ex
384 3715 475 3786 parte
487 3715 636 3781 noverat,
654 3690 742 3786 cepit
757 3687 929 3786 hominem
947 3688 1108 3784 mitigare,
1118 3689 1244 3758 &iram

211 3793 289 3884 eius,
316 3818 380 3890 que
404 3796 494 3886 nulla
519 3819 598 3887 erat,
625 3792 790 3884 blanditiis
813 3792 979 3884 emollire;
1007 3790 1051 3863 ad
1078 3793 1139 3864 hec
1164 3820 1243 3868 vero

159 3981 162 3988 ¹
211 3896 310 3970 abbas
327 3902 363 3971 in
377 3927 483 3998 pauca
500 3902 645 3986 eiusdem
661 3902 774 4000 lingue
791 3899 892 3974 verba
903 3901 957 3972 vix
975 3901 1084 3996 potuit
1101 3901 1244 3994 eludlari,

211 4030 245 4076 ut
261 4005 370 4079 eidem
389 4009 457 4080 seni
468 4009 555 4107 ,quid
574 4007 616 4082 ab
634 4035 675 4082 eo
701 4010 855 4107 exigeret,
880 4007 1027 4104 aperiret.
1061 4007 1157 4078 Tunc
1178 4008 1246 4102 ille,

246 4182 256 4215 1
274 4163 355 4216 Matri
362 4167 387 4216 d.
397 4164 488 4236 inoe),
500 4183 534 4206 ‘-
547 4164 693 4236 aquiddam
754 4161 890 4234 4pecunie
908 4143 1088 4226 resolvebatur,
1116 4161 1194 4233 (M);
1209 4193 1242 4204 -

209 4246 234 4298 d.
249 4243 275 4296 in
287 4242 381 4313 (1,c)‚·
397 4273 430 4284 -
444 4263 458 4312 3
471 4245 497 4298 in
509 4245 541 4312 se,
549 4243 584 4314 (1,
598 4247 649 4314 ως
659 4273 692 4285 -
735 4317 741 4326 ⁸
758 4261 772 4312 5
788 4241 878 4313 posset,
892 4244 957 4311 (M).
