3256 5196
419 435 595 564 Historia
630 435 1095 564 Constantinopolitano.
1209 470 1251 562 5¹

227 691 312 764 stme-
320 692 550 792 perurgebant.
569 694 675 794 Qod
689 693 803 783 videns
825 693 962 790 quidam
980 721 1092 768 comes
1106 693 1258 766 theotho·
1275 731 1342 780 1204

226 805 329 892 nicus,
347 800 431 872 iuffit
448 799 562 874 urbem
580 803 615 872 in
635 791 781 898 quadam
802 826 894 900 parte
914 802 1079 896 succendi,
1105 826 1140 874 ut
1158 805 1260 876 Greci

188 1001 194 1010 ἱ
228 909 351 1006 duplici
375 908 563 982 laborantes
588 907 821 1002 incommodo,
847 905 923 982 belli
949 909 1069 982 scilicet
1086 935 1185 1008 atque
1210 912 1259 984 in·

227 1015 346 1108 cendii,
363 1015 488 1088 facilius
505 1018 726 1107 vincerentur,
747 1014 891 1112 quod&
913 1016 1037 1090 facium
1057 1019 1113 1112 est,
1131 1021 1177 1114 dt,
1194 1019 1260 1092 hoc

227 1123 271 1194 illi
290 1119 425 1194 consilio
454 1125 542 1216 vicli,
566 1123 695 1220 penitus
710 1123 753 1210 ,in
779 1122 894 1222 fitgam
920 1121 1065 1198 conversi
1087 1127 1179 1220 sunt3
1203 1128 1260 1224 qui

226 1255 337 1302 autem
362 1235 380 1300 e
405 1230 521 1302 nostris
540 1232 608 1302 iam
625 1229 730 1302 infra¹
749 1254 861 1301 muros
879 1231 1002 1328 recepti
1020 1257 1123 1326 erant,
1137 1259 1260 1332 portas,

228 1361 307 1434 quas
342 1336 447 1408 multo
484 1337 654 1436 lignorum
678 1333 870 1432 lapidumve
899 1334 1055 1408 obieclu²
1087 1339 1260 1438 diligenter

228 1445 327 1515 Greci
347 1441 581 1536 obstruxerant,
606 1465 738 1515 remoto
756 1443 851 1548 omni
870 1440 978 1534 obice,
997 1443 1051 1516 vel
1071 1445 1261 1520 exciderunt

198 1615 201 1619 .
227 1550 280 1622 vel
296 1550 473 1649 fregerunt,
493 1552 527 1621 ἃ
544 1549 593 1620 his
611 1549 667 1646 qui
685 1545 793 1620 adhuc
809 1549 844 1618 in
861 1546 1018 1648 nauibus3
1035 1575 1138 1643 etant,
1165 1576 1261 1649 opta-

227 1683 297 1729 tum
311 1658 534 1754 patefecerunt
548 1653 737 1756 ingressum.
760 1656 882 1726 Acium
899 1656 944 1728 est
960 1657 1027 1730 hoc
1041 1660 1127 1740 circa
1139 1660 1259 1732 Remos

227 1767 425 1864 palmorum,
453 1768 540 1857 De0,
559 1767 593 1836 ni
616 1763 769 1855 fallimur,
793 1765 839 1836 ita
855 1763 1061 1862 disponente,
1081 1791 1117 1838 ut
1138 1766 1259 1840 ebdem

226 1873 279 1947 die
298 1871 417 1944 Christi
440 1874 595 1944 exercitus
612 1871 699 1942 hanc
718 1871 956 1968 triumphaliter
969 1872 1131 1970 perfidam
1145 1871 1260 1946 urbem

225 1985 427 2075 irrumperet,
443 2004 509 2075 qua
520 1977 666 2050 Christus
678 1979 812 2050 veniens
831 1975 874 2050 ad
892 1979 1095 2078 triumphum
1111 1981 1259 2054 Paffionis

226 2091 371 2160 santiam
386 2085 548 2187 ingteffus
564 2086 610 2160 est
627 2086 802 2160 civitatem.

322 2307 416 2389 Irrue,
434 2327 511 2372 nunc
529 2302 643 2393 curisti
657 2301 851 2390 venerabilis,
870 2304 962 2388 irrue,
976 2299 1083 2371 miles!
1149 2349 1153 2360 ·

323 2393 406 2481 Irrue
426 2434 514 2500 quam
533 2408 669 2498 Cltrt'stus
683 2410 793 2478 victori
808 2407 940 2478 tradidit
957 2408 1075 2477 urbem!

324 2522 417 2611 Finge
429 2517 486 2585 tibi
504 2516 665 2608 Christum,
674 2515 819 2609 sefforem
836 2518 921 2584 mitis
939 2515 1040 2608 aselli,

326 2629 490 2716 Pucificum
506 2650 619 2718 regent,
635 2623 695 2692 leto
706 2623 870 2716 precedere
886 2621 979 2692 vultu.

325 2735 437 2820 cerini
453 2731 533 2800 bella
549 2735 645 2824 geris,
664 2731 840 2815 tandilian,
860 2729 961 2798 iudice
979 2729 1109 2821 Cltristo,

322 2843 483 2933 Exequeris
499 2840 623 2930 Christi,
644 2862 696 2906 tua
707 2841 847 2932 prevenit
860 2862 945 2906 arma
957 2836 1106 2908 voluntas.

323 2951 416 3036 lrrue,
429 2947 531 3038 funde
544 2949 652 3032 minas,
666 2945 792 3014 timidds
801 2969 918 3037 preme,
930 2946 1052 3035 fortius
1065 2948 1152 3038 inste,

327 3059 405 3128 Voce
421 3080 504 3141 totta,
512 3057 633 3145 ferrum
645 3053 832 3146 vilrn,4sed
843 3077 946 3147 parce,
957 3054 1083 3122 cruori!

230 3149 232 3154 f
320 3168 419 3232 lncute
434 3185 587 3246 terrorem,
600 3163 721 3251 fratres
737 3184 835 3228 tamen
854 3157 910 3249 effe
927 3177 1071 3228 memento

325 3273 410 3364 Quos
419 3272 548 3362 premis,
567 3270 656 3358 idque
658 3271 720 3362 suo
734 3267 845 3344 dudum
857 3266 994 3358 meruiffe
1009 3292 1105 3338 reatu.
1124 3327 1129 3334 .

322 3377 364 3445 Te
381 3375 480 3446 voluit
499 3373 759 3469 Cltrt'sturspolt'it
773 3375 890 3442 ditares
907 3398 1036 3460 reorum,

323 3487 393 3576 Ne
398 3479 554 3577 spoliaret
564 3495 620 3550 'eos
631 3505 707 3574 gens
719 3480 849 3573 quelibet
866 3479 963 3550 altera
978 3483 1106 3562 vicerim

321 3596 396 3660 Ecce
407 3587 631 3683 patentplene⁶
646 3593 734 3682 gazis
750 3589 908 3680 hostilibus
920 3591 1001 3677 edes,

323 3697 564 3790 Congeriespue7
580 3719 674 3783 vetut,
689 3698 828 3766 dominos
844 3698 984 3766 habitura
1002 3721 1151 3778 recentes;

246 3857 252 3872 .
322 3804 368 3874 Tu
380 3829 477 3872 tamen
491 3806 615 3890 interea,
630 3805 771 3874 cohibent
787 3807 974 3896 animumque
993 3830 1177 3896 manumque,

324 3912 426 4000 Differ
443 3908 474 3978 ὃ*
493 3911 534 4004 ed
549 3933 664 4005 tempus
677 3937 775 3980 rerum
789 3935 960 4004 contempne
971 3915 1128 4006 rapinem,-
1166 3963 1170 3971 .

261 4101 272 4133 1
293 4085 375 4150 Intra,
393 4077 500 4155 (Can),
522 4115 556 4124 -
577 4104 591 4136 2
608 4082 708 4147 obitui,
806 4102 824 4147 4
838 4083 933 4136 Forum
948 4083 1021 4146 fibra,
1031 4082 1080 4152 (C)
1091 4108 1098 4150 i
1109 4077 1142 4121 -‘-
1155 4081 1258 4148 sditati,

226 4159 308 4312 &13ss
318 4164 369 4234 C),
386 4195 418 4204 -
436 4183 448 4229 3
465 4167 488 4216 in
500 4165 606 4218 navibus
615 4164 706 4230 adhuc,
770 4161 911 4314 glai-fi
925 4163 1006 4232 plane,
1017 4162 1081 4232 (C);
1091 4191 1124 4202 -
1139 4179 1153 4226 7
1168 4179 1218 4232 que
1232 4164 1257 4215 d.
