3256 5196
425 459 607 593 Historia
632 462 1101 606 Constantinopolitano
1219 499 1273 594 43

183 745 186 758 ·
248 709 542 814 erabiliparritida,
553 717 638 790 hanc
658 718 794 816 quidem
803 718 848 792 ad
860 718 1037 815 excidium,
1050 721 1123 794 illos
1138 749 1218 796 vero
1235 726 1279 801 ad
1296 757 1364 808 1204

247 851 370 901 certam
387 827 503 897 mortis
523 851 646 922 penam
661 829 840 925 reposcere.
869 827 1000 928 Qibus
1022 831 1070 902 ita
1091 831 1279 907 insultando

246 958 375 1006 tannim
405 936 450 1006 eis
479 957 638 1005 terrorem
669 931 878 1028 incufferant,
902 931 947 1006 'ut
978 935 1025 1008 illi
1054 935 1097 1009 de
1129 939 1279 1016 menibus
1357 926 1360 936 ¹

245 1045 307 1115 suis
324 1040 437 1140 egredi
449 1043 503 1114 vix
521 1039 689 1133 auderent,
710 1042 852 1112 manime
871 1064 981 1114 autem
999 1067 1135 1141 proptor
1152 1043 1279 1122 balistas

157 1190 163 1205 ·
245 1151 442 1241 nostrorum,
462 1173 605 1245 quorum
631 1149 703 1220 usus
727 1171 853 1244 quanto
882 1148 928 1220 est
953 1151 1056 1221 rarior
1077 1151 1168 1249 apud
1192 1153 1278 1250 illos,

244 1281 337 1330 tanto
360 1257 460 1328 etiam
476 1253 649 1328 terribilior
669 1257 704 1327 &
720 1251 930 1352 periculolior
949 1256 1122 1332 estimatur.
1147 1261 1278 1332 Interim

244 1385 355 1436 autem
384 1362 495 1454 nostri,
525 1360 726 1434 confirmatis
752 1363 881 1454 animis,
910 1362 954 1434 ad
973 1387 1149 1462 utrumque
1173 1367 1278 1462 parati

244 1493 347 1561 erant,
362 1467 416 1541 v'el
434 1467 477 1540 ad
493 1465 728 1560 recedendum,
746 1465 769 1538 st
786 1469 818 1541 se
837 1469 973 1542 honesta
994 1473 1029 1543 ὅ(
1051 1471 1137 1544 utilis
1161 1471 1276 1570 prebe·

241 1598 292 1648 ret
310 1573 450 1671 occasio,
467 1577 522 1650 vel
542 1575 586 1648 ad
604 1574 771 1649 cedendos
797 1575 915 1670 hostes,
933 1579 984 1650 &¹
1003 1576 1207 1650 subeundam
1233 1578 1276 1653 ab

242 1686 338 1755 eis&
356 1709 433 1756 cum
458 1686 504 1756 eis
523 1707 677 1776 mortem,
702 1679 724 1752 st
745 1682 792 1754 illi
816 1681 858 1756 de
882 1682 1036 1756 lateribus
1052 1684 1115 1756 suis
1132 1683 1175 1758 ad
1195 1711 1276 1758 con·
1346 1681 1349 1691 ¹

240 1789 367 1863 flitium
385 1788 543 1863 auderent
560 1816 740 1888 erumpere.
771 1791 860 1862 Nam
878 1789 920 1862 de
934 1791 1072 1864 vidioria
1089 1815 1179 1863 tante
1192 1792 1275 1864 mul·

240 1896 387 1971 titudinis
402 1893 595 1988 obtinenda,
605 1893 669 1968 stre
686 1894 729 1968 de
743 1899 989 1994 expugnatione
1008 1895 1106 1988 urbis,
1124 1895 1213 1970 nulla
1229 1899 1275 1970 eia

238 2009 312 2104 spes
329 2027 460 2102 poterat
476 2002 628 2096 arridere,
645 2029 707 2100 pro
725 2029 779 2097 eo,
798 2002 891 2100 quod
904 2003 960 2078 illa
972 2001 1182 2076 munitissima
1195 2029 1274 2099 erat,

237 2113 371 2184 illorum
394 2134 505 2183 autem
535 2135 689 2182 numerus
718 2109 939 2184 inestimabilis
963 2109 1112 2208 quotidie
1136 2110 1273 2181 succres·

239 2217 343 2292 cebat.
376 2217 440 2309 Sed
458 2241 584 2315 quanto
600 2216 708 2290 studio
724 2218 833 2290 noster
853 2221 1011 2291 exercitus
1029 2214 1168 2314 optabat
1193 2241 1273 2288 con·

236 2321 350 2424 fligere
368 2329 403 2398 δι
421 2329 507 2398 mori
524 2353 601 2399 cum
610 2323 766 2419 hostibus,
780 2348 874 2397 tanto
887 2324 934 2397 illi
951 2321 1157 2423 refugiebant
1168 2325 1272 2396 vidio-

235 2433 320 2504 riam
342 2431 384 2505 de
409 2434 524 2505 nostris
540 2434 603 2504 suis
625 2429 787 2504 mortibus
810 2457 1015 2530 comparare,
1039 2429 1187 2504 videntes
1203 2431 1271 2500 iarn

235 2539 309 2610 illos
328 2541 460 2611 interra
475 2538 582 2610 hostili
598 2536 940 2636 laborarepenuriaff
956 2539 989 2610 se
1006 2521 1118 2610 iutem
1136 2539 1172 2609 in
1191 2536 1270 2608 loco
1287 2595 1291 2602 .

168 2691 173 2700 ·
235 2647 296 2716 suo
313 2643 409 2718 bonis
427 2644 582 2718 omnibus
600 2642 778 2717 abundare.

335 2865 454 2956 dicente
469 2887 546 2931 nune
558 2887 678 2956 operum
695 2865 868 2950 novitatem,
888 2865 1023 2954 miraque
1039 2888 1149 2950 return,
1228 2921 1232 2930 .

337 2969 452 3060 Qualia
468 2994 521 3036 nee
533 2991 663 3038 veterum
677 2971 812 3060 referunt
826 2983 1013 3038 monumenta
1031 2970 1146 3039 dierunt
1152 2998 1164 3050 ;

336 3078 415 3170 Quis
432 3078 567 3145 meminit
584 3071 694 3144 multos
711 3103 729 3144 a
740 3073 898 3169 paucis&
916 3077 987 3145 bene
997 3075 1112 3166 fultos,

334 3184 490 3255 menibus
502 3181 646 3270 occultos,
660 3182 778 3274 latuiffe
789 3182 939 3277 pudenter
950 3182 1089 3251 inultos?

333 3293 396 3359 Hic
405 3293 501 3385 pauci
509 3292 614 3380 sortes
630 3314 806 3384 oppugnant
822 3287 907 3356 mille
920 3293 1068 3376 cobortes,

334 3401 366 3465 In
383 3407 470 3465 nece3
487 3398 637 3490 consortes
653 3399 759 3488 quibus
775 3420 880 3490 optant
895 3399 1019 3488 iungere
1037 3420 1146 3466 mortes
1153 3426 1166 3478 ,·

335 3503 474 3574 Malunt
489 3527 582 3573 morte
595 3507 683 3591 mori,
703 3507 852 3594 mixtoque
870 3513 995 3572 cruore4
1009 3506 1112 3572 cruori

337 3613 464 3680 Pedere
482 3605 696 3702 vidiori'quam
709 3635 796 3704 terga
809 3609 925 3706 dediffe¹
928 3613 1042 3705 pavori
1045 3663 1051 3677 .

334 3718 488 3810 Sanguine
509 3717 672 3786 Grecorum
681 3718 759 3812 fuso
773 3721 950 3810 pariterque
952 3717 1091 3809 suorum,

335 3823 464 3891 Exitiale
472 3825 581 3914 forum
597 3847 735 3916 reputant
751 3827 853 3916 magis
868 3822 942 3913 effeS
961 3824 1110 3922 decorant.

332 3929 420 3997 Stant
437 3930 508 3997 bene
520 3929 658 4021 conserti,
670 3928 863 4024 populoque⁶
879 3933 1031 3999 minantur
1047 3933 1139 3999 inerti

332 4037 452 4105 Mania
459 4036 609 4129 subverti,
628 4061 693 4104 cum
711 4038 772 4104 iam
799 4060 843 4104 ινιτ
854 4036 892 4103 de
903 4060 974 4104 nece
993 4039 1078 4105 certi.

269 4173 718 4272 and,(c);-2penu1÷e,(1);
814 4179 1095 4273 46ruored.m(C);
1110 4173 1266 4272 -ieffed.

224 4293 376 4345 ,-3vere,
390 4277 458 4348 (M).
550 4305 554 4312 ·
781 4280 807 4334 in
823 4279 1058 4352 (C);-6qued.
1070 4283 1165 4356 in(C).

818 4405 831 4442 N
