3278 5212
382 457 428 519 12
461 389 498 504 ι.
561 433 572 450 ‘
660 419 855 515 Guurlreri
880 419 1121 550 Purifleufis

294 715 360 750 1200
473 693 612 788 usuribus
630 693 765 776 urredis,
783 690 892 785 cupide
909 693 1001 757 nimis
1021 715 1057 756 uc
1065 691 1212 784 fidenter,

472 798 648 890 llr'ffimulur
663 796 756 883 uoltu,
774 798 836 890 sed
852 798 967 888 gaudet
986 797 1075 864 corde
1087 795 1221 862 latenrer.

472 1017 592 1101 sumque
608 1015 729 1078 rrulrens
741 1015 841 1080 urimo
851 1012 999 1104 presagia
1016 1021 1114 1079 cerru¹
1124 1015 1240 1101 futuri,

470 1119 601 1211 Spesque
609 1121 742 1208 fovens²
758 1143 885 1210 mugnus
902 1117 932 1185 δ’
949 1119 1050 1184 cordis
1063 1119 1180 1210 gaudia
1190 1122 1276 1213 puri,
1347 1152 1351 1160 ·

473 1226 580 1294 Turum
587 1227 749 1319 sefludir's
758 1227 857 1318 sentit
872 1225 1025 1316 celestibus
1043 1229 1101 1308 uri,
1248 1226 1252 1229 ’

472 1323 511 1400 Er
527 1336 648 1424 cupiens
665 1331 738 1399 illos
755 1333 858 1400 divino
867 1331 999 1424 subdere
1015 1333 1088 1415 iuri,

473 1443 595 1508 Invocat
611 1443 690 1506 lunc
707 1441 806 1520 uuirno
824 1463 908 1528 quem
920 1462 980 1529 pro
999 1437 1073 1504 duce
1082 1438 1158 1529 sunt
1173 1427 1337 1506 habituri.¹

474 1649 557 1719 Tunc
570 1648 657 1716 illum
668 1647 796 1741 placida
811 1649 961 1721 dodlorem
974 1653 1183 1744 uocesecurus,

477 1759 540 1850 Qui
550 1760 637 1848 fucit
654 1780 687 1824 ur
696 1755 803 1848 solvar
815 1758 980 1850 prudenter
996 1782 1118 1850 guttura
1136 1781 1243 1843 mutus,
1297 1775 1301 1780 ·

478 1866 541 1954 Qui
562 1864 648 1930 ducet
665 1867 791 1954 ignaros
807 1864 906 1930 divini
923 1875 1062 1932 muneru3
1081 1887 1179 1947 nurus,

475 1974 561 2038 erus
578 1973 646 2061 ugit
661 1964 776 2061 gruies,
796 1969 838 2056 δ’,
859 1971 977 2060 Christo
988 1971 1117 2065 prefide‚
1136 1993 1217 2037 rurus
1260 1969 1266 1978 ’

475 2082 544 2147 elur
560 2082 627 2162 lroc,
648 2095 699 2179 nur
710 2077 814 2166 fimili,
826 2079 1072 2169 ferrursermone
1086 2077 1202 2144 locutus
1220 2109 1231 2144 :

427 2293 471 2360 Ill.
501 2321 518 2351 α
538 2286 686 2360 Verbum
704 2286 784 2358 mihi
802 2285 845 2356 ad
862 2310 933 2376 vos,
948 2283 1077 2356 domini
1088 2287 1317 2358 mei&sratres
1332 2289 1411 2379 mei,

380 2429 397 2458 u
414 2392 555 2467 verbum.
570 2395 651 2464 mihi
667 2393 709 2464 ad
729 2398 803 2466 vos!
828 2418 898 2464 non
920 2419 1033 2462 meum
1055 2396 1178 2489 utique,
1203 2393 1259 2464 sed
1280 2393 1409 2465 Christi.

380 2537 397 2566 (ι
414 2501 558 2590 Christus
576 2502 645 2598 ipse
661 2499 838 2573 verborum
857 2504 971 2570 audior
986 2500 1030 2570 est
1041 2535 1051 2592 3
1071 2527 1135 2598 ego
1159 2501 1272 2598 fragile
1297 2501 1412 2570 instru-
1433 2589 1436 2596 Ι

380 2610 402 2670 α’
414 2623 579 2701 mentum3
597 2607 742 2680 Christus
758 2633 818 2679 vos
831 2605 931 2678 hodie
942 2633 1000 2702 per
1019 2633 1056 2678 os
1074 2635 1186 2678 meum
1197 2609 1259 2677 suis
1273 2607 1412 2702 alloqui-

255 2769 261 2780 .
375 2748 398 2811 ,α
413 2738 464 2785 tur
487 2713 604 2806 verbis,
627 2716 698 2786 suas
726 2711 821 2788 vobis
847 2712 997 2808 deplorat
1014 2715 1155 2785 iniurias.
1192 2713 1341 2810 Expulsus
1367 2713 1413 2782 est

250 2839 259 2885 ἑ
317 2845 319 2850 ’
380 2853 397 2883 u
413 2821 558 2894 Christus
573 2821 614 2892 de
632 2820 711 2890 loco
725 2821 838 2891 farisio
852 2820 922 2910 suu,
936 2819 978 2890 de
992 2820 1067 2892 sede
1080 2823 1146 2914 sua,
1159 2815 1302 2892 deiedlus
1312 2819 1356 2890 est
1369 2817 1412 2890 de

382 2961 399 2993 u
413 2929 469 3000 illa
490 2930 618 3001 civitate
639 2928 817 3023 quamipse
836 2924 893 2997 fibi
905 2929 1042 3022 proprio
1061 2929 1218 3025 sanguine
1238 2927 1411 3000 dedicavit.

381 3069 398 3100 α
414 3036 496 3107 Proh
514 3035 626 3108 dolor!
645 3033 700 3128 ubi
719 3021 847 3106 dudum
861 3034 1035 3126 FiliusDei‚
1052 3060 1206 3107 venturus
1219 3038 1252 3105 in
1270 3061 1381 3124 carne,
1392 3061 1414 3104 a

381 3176 399 3208 e
414 3145 530 3214 sandlis
555 3144 723 3240 prqphetis
748 3139 922 3239 promissus
941 3143 995 3234 est,
1015 3141 1071 3214 ubi
1085 3145 1266 3220 iam.natus
1284 3144 1318 3212 ὅ(
1338 3166 1413 3236 par-

382 3281 399 3312 u
414 3249 507 3322 vulus
526 3251 560 3320 in
578 3249 704 3347 templo
724 3248 829 3321 voluit
841 3248 1025 3343 presentari,
1043 3246 1099 3319 ubi
1119 3249 1248 3345 presens
1265 3245 1413 3343 predica-

288 3445 296 3464 ,
382 3390 399 3421 α
415 3357 462 3428 vit
478 3359 512 3427 &
535 3356 660 3449 docuit,
676 3359 809 3429 virtutes
826 3360 860 3426 &
878 3353 969 3452 signa
987 3357 1170 3452 frequenter
1188 3353 1341 3444 exhibuit,
1360 3379 1412 3423 ce-

297 3485 308 3494 ·
368 3491 399 3526 'u
414 3488 496 3533 nans
507 3489 584 3564 eum
597 3462 759 3559 discipulis
777 3463 839 3531 suis
852 3461 1034 3532 sanstiffimi
1045 3465 1191 3558 corporis
1202 3465 1236 3533 &
1248 3461 1413 3558 sanguinis

382 3603 399 3634 u
414 3571 548 3640 instituit
564 3571 819 3660 sacramentum
839 3565 958 3665 passus,
975 3571 1010 3637 ἃ
1023 3565 1183 3660 mortuus,
1201 3593 1240 3639 ac
1259 3565 1412 3662 sepultus,

383 3709 400 3739 rr
417 3676 491 3773 post
507 3675 651 3746 triduum
664 3676 842 3766 resurrexit,
853 3663 1067 3744 cernentibus
1084 3673 1229 3745 eiusdem
1249 3671 1411 3767 discipulis

384 3817 401 3848 e
415 3785 450 3853 in
469 3771 583 3852 celum*
594 3779 772 3878 assumptus
791 3780 845 3870 est,
867 3782 901 3850 &
919 3777 1048 3850 decima
1067 3779 1119 3852 die
1137 3783 1291 3877 Spiritum
1315 3781 1411 3850 Sanc-

383 3922 400 3952 «
417 3879 488 3960 nini
503 3891 538 3959 in
562 3889 681 3986 linguis
701 3889 806 3985 igneis
827 3887 922 3982 super
944 3911 1001 3956 eos
1019 3885 1144 3979 effudit,
1166 3885 1212 3958 ibi
1229 3911 1318 3958 nunc
1334 3909 1411 3981 pro·
1441 3901 1482 3961 (Ι)
1494 3904 1516 3952 f.
1532 3922 1546 3968 3
1560 3912 1583 3954 ιο

384 4029 401 4060 e
416 3995 526 4093 phane
543 3996 649 4094 gentis
663 3992 851 4064 dominatur
867 3990 1038 4066 barbaries.
1065 3995 1099 4064 O
1111 3995 1237 4066 miseria
1246 3999 1294 4066 !·0
1308 3993 1411 4090 gemi-

347 4207 350 4210 ’
420 4216 562 4282 1Preserta,
570 4217 633 4288 (C);
644 4247 676 4256 —
688 4217 792 4282 usoves,
800 4215 865 4290 (C);
877 4245 911 4256 ·-
928 4233 940 4280 3
956 4197 1068 4280 munere,
1082 4213 1139 4284 (C).

693 4297 701 4324 Ι
