3278 5212
346 419 373 510 8
626 421 828 516 Guntlreri
849 424 988 556 Pons
988 427 1076 556 ens
1060 463 1095 520 s

342 674 493 748 homines
512 591 625 742 brutos
641 673 676 742 ἃ
700 696 859 768 pauperes
882 673 1058 769 piscatores
1080 677 1116 746 δι
1134 675 1254 748 idiotas
1271 675 1374 752 fidem

316 797 322 808 '
342 777 473 870 Christi,
495 801 620 848 novam
638 777 767 874 prorsus
782 779 842 849 &
833 780 1053 877 tncognitam,
1074 781 1217 853 mundus
1234 785 1373 882 accepit,

344 913 446 986 quarn
466 881 489 954 sr
513 883 566 956 vel
589 883 726 982 Augusti
754 885 882 958 Cesaris
905 887 1118 978 auctoritate,
1148 889 1202 962 vel
1234 889 1373 963 Platonis

343 993 487 1083 scientia,
499 990 553 1062 vel
564 990 794 1063 Demosthenis
811 1015 868 1064 aut
881 992 1054 1064 Ciceronis
1067 993 1213 1090 eloquio,
1229 995 1374 1069 eiusdem

309 1118 312 1126 ·
342 1097 422 1171 fidei
437 1047 606 1170 chiistiane
626 1098 742 1198 religio
760 1099 910 1196 persuasa
932 1095 1039 1169 fuisset
1056 1101 1091 1169 ἃ
1111 1097 1238 1174 tradita.
1258 1105 1374 1202 Opera

340 1207 469 1329 quippe
485 1206 550 1276 Dei
572 1227 698 1323 quanto
723 1206 831 1275 minus
847 1206 882 1274 in
905 1204 938 1274 se
962 1203 1106 1275 humane
1129 1205 1291 1280 facultatis
1315 1213 1373 1285 ad-

340 1309 488 1403 irrittunt,
514 1332 607 1381 tanto
632 1311 799 1381 maiorin
821 1311 867 1381 eis
891 1307 1002 1382 divine
1027 1313 1176 1406 potentie
1195 1312 1372 1392 sublimitas

342 1367 502 1494 elucescit.
524 1415 613 1486 Hinc
626 1414 687 1485 est
683 1413 784 1510 quod
803 1413 948 1510 quedam
964 1440 1088 1514 magna
1099 1417 1195 1490 valde
1212 1423 1247 1492 dt
1259 1421 1371 1526 ardua,

342 1528 414 1598 stilo
428 1547 539 1598 tamen
558 1521 673 1592 humili
690 1521 844 1620 &plano
871 1525 906 1594 δι
929 1522 1079 1595 sermone
1096 1523 1254 1622 palpabili
1270 1515 1372 1601 libuit

343 1633 516 1730 explicare,
529 1654 593 1725 que
603 1629 769 1699 Donunus
771 1653 858 1725 ,per
872 1629 980 1704 virum
980 1627 1173 1724 quemdam
1184 1631 1371 1707 modeslum

342 1742 416 1813 satis
441 1740 477 1808 &
502 1734 672 1827 humilem,
689 1685 804 1806 nostris
828 1732 1043 1832 temporibus,
1068 1739 1197 1833 operari
1217 1736 1371 1838 dignatus

344 1848 399 1940 est,
416 1843 460 1918 ad
477 1839 611 1938 laudern
628 1843 742 1938 utique
761 1845 797 1913 δε
813 1841 956 1940 gloriam
966 1843 1113 1926 nominis
1136 1845 1195 1937 sui,
1218 1848 1253 1918 δι
1280 1849 1372 1944 piam

343 1951 488 2027 eiusdem
500 1950 561 2022 viri
570 1951 767 2021 memoriam
767 1951 988 2047 &presentis
998 1950 1066 2022 loci
1074 1951 1174 2022 nostri
1183 1952 1371 2028 felicitatem
1393 1983 1516 2046 (nti

301 2138 307 2148 ,
341 2083 551 2158 perpetuam,
568 2059 639 2128 imo
665 2081 752 2130 certe
775 2057 819 2130 ad
836 2056 1001 2128 honorem
1023 2059 1059 2128 ἃ
1086 2057 1246 2178 gaudium
1272 2065 1371 2135 totius

333 2165 744 2257 ‘Theothonicenationis3
761 2165 814 2238 vel
815 2161 933 2260 ,quod
949 2165 1056 2236 verius
1072 2167 1108 2234 dt
1125 2166 1230 2238 maius
1248 2169 1304 2260 ιιι
1327 2170 1371 2242 ad
1383 2193 1485 2254 (mu
1457 2203 1553 2282 '¹⁵5⁰-

342 2273 494 2344 solatium
510 2273 545 2341 &
562 2269 698 2341 tutelam
715 2223 861 2344 ubiveise
879 2268 1104 2340 Occidentalis
1121 2270 1266 2367 Ecclefie,
1281 2279 1371 2350 cuius

341 2378 449 2449 nostre
465 2377 660 2450 narrationis
676 2379 799 2476 pagina
820 2377 867 2448 nil
891 2375 1038 2472 prorsus¹
1062 2375 1179 2448 falsum
1194 2379 1247 2452 vel
1267 2380 1394 2454 ambi·-

286 2483 289 2495 “
342 2511 451 2591 guum
464 2481 658 2577 continebit,
676 2481 732 2555 sed
749 2509 862 2557 veram
882 2508 922 2555 ac
943 2505 1067 2554 certam
1084 2487 1371 2584 rerumgestarum

342 2581 457 2664 seriem
466 2541 729 2688 prosequetirfl
700 2598 781 2688 ficut
796 2593 920 2660 idem
889 2617 947 2678 var,
960 2587 1003 2661 de
1017 2615 1085 2686 quo
1099 2590 1239 2687 plurima
1255 2591 1371 2666 dissuti

342 2701 463 2791 sumus,
481 2695 645 2768 humiliter
656 2696 731 2766 satis
748 2719 789 2766 ac
804 2646 989 2768 verecurlde
991 2719 1131 2815 ,puram
1143 2701 1231 2768 nolis
1243 2725 1283 2770 ac
1299 2697 1370 2771 srm-

343 2755 466 2904 pliceni
482 2808 635 2874 enarravit
645 2808 810 2895 lr'storiam.
832 2804 885 2873 De
899 2802 990 2872 cuius
1001 2802 1062 2873 vin
1053 2801 1173 2874 laude
1187 2825 1286 2900 atque
1298 2832 1370 2904 pre·
1425 2817 1427 2821 ’

343 2913 444 2983 conio
463 2908 567 3008 digna
583 2906 721 2980 scribere
738 2933 808 2980 non
826 2906 1013 3000 audemus,²
1033 2933 1076 2980 ne
1091 2910 1171 3005 ipse,
1189 2914 1246 3006 qui
1262 2935 1371 2986 toturn

343 3023 419 3092 Deo
445 3014 635 3108 attribuens,
661 3015 743 3087 nihil
766 3012 823 3092 srbi
847 3016 953 3110 querit
977 3013 1103 3108 ascribi,
1130 3017 1193 3087 suis
1220 3017 1372 3092 laudibus

343 3119 544 3195 offendatur·
536 3145 672 3217 ,neque
688 3145 801 3193 tamen
818 3121 958 3194 omnino
973 3123 1152 3217 poterimus
1168 3125 1313 3217 reticere,
1328 3151 1371 3198 ne

273 3283 275 3290 ι
343 3231 419 3302 Deo
421 3254 553 3336 ,quo
535 3233 668 3299 auclore
685 3227 747 3300 hec
763 3227 853 3326 gella
867 3227 941 3298 sunt
941 3253 1024 3346 ,qur¹
1012 3227 1111 3300 suos
1129 3225 1267 3301 humiles
1285 3182 1370 3302 eiral-

342 3359 410 3406 tare
421 3287 603 3426 consueirit,
615 3331 803 3407 evidentem
813 3333 989 3404 sacramus
980 3354 1140 3405 rmurram
1156 3335 1371 3432 Qapropter

341 3443 387 3512 ita
403 3442 487 3513 inter
503 3465 678 3536 utrumque
698 3433 863 3511 calamum
876 3462 1058 3536 temperare
1074 3437 1272 3533 curabimus,
1284 3465 1321 3513 ut
1335 3446 1370 3515 ἀ

342 3548 406 3617 Dei
422 3545 601 3666 magnalia,
620 3569 685 3641 que
701 3569 760 3641 per
780 3570 857 3615 eum
881 3543 971 3641 gesta
997 3545 1080 3636 sunt,
1103 3570 1172 3615 non
1185 3497 1319 3641 lareaint,
1335 3553 1370 3622 ἀ

305 3689 306 3696 1
341 3651 440 3747 ipse
431 3676 466 3722 ιιι
492 3652 549 3722 sua
570 3649 751 3721 humihtate
778 3646 956 3720 inoffensus
982 3674 1182 3745 permaneat.
1213 3653 1370 3750 Quisquis

342 3781 430 3854 ergo
441 3755 517 3826 huic
534 3755 659 3826 nostre³
684 3753 840 3852 paginule
856 3777 994 3824 manum
1011 3754 1064 3827 vel
1080 3755 1215 3828 oculum
1230 3757 1369 3831 leslurus

342 3861 538 3955 admoverit,
564 3863 667 3934 animi
696 3886 830 3957 quoque
858 3859 1051 3958 diligentem
1078 3851 1255 3934 sollertiam
1275 3863 1370 3938 rebus

342 3966 427 4066 ipsrs,
444 3967 487 4089 de
504 3918 621 4065 qitibus
638 3969 691 4040 hic
704 3970 823 4066 agitur,
843 3964 1000 4039 subtiliter
1014 3967 1190 4062 intuendis,
1210 3970 1370 4044 studiosus

379 4145 391 4177 r
407 4079 510 4180 Proisus
524 4126 559 4196 (1,
573 4127 616 4192 M,
629 4127 680 4196 Ωιι
693 4128 719 4180 d.
734 4125 760 4180 in
774 4129 822 4181 Ca·
924 4145 939 4178 a
957 4124 1102 4180 Audienrut
1117 4127 1189 4196 (C);
1201 4157 1235 4169 -
1256 4146 1269 4193 3
1288 4129 1370 4183 nollre

341 4203 405 4274 nifin
888 4207 913 4258 d.
928 4203 954 4260 ιιι
968 4206 1038 4276 (Μ).
1191 4234 1195 4240 -
