3256 5196
383 456 564 586 Hifloria
590 453 1061 583 Constantinopolitano.
1180 487 1231 578 ,ς

203 614 429 624 ...μ-ι--ῇ
433 615 557 622 -α--ι
876 615 973 622 ...ι-η
977 615 1154 624 -ι-ο
1162 615 1203 624 ι-ι-
1209 617 1233 624 -ι

200 717 240 785 &
256 712 350 783 cause
367 708 462 808 ipsrus
480 707 654 808 presidium
676 709 852 802 declinare,
871 709 964 806 quud
983 707 1317 808 utiquediuersu1203

202 845 244 890 ex
262 813 361 889 caufis
386 815 554 916 agebatur,
573 841 643 888 tum
668 815 713 889 ob
740 819 882 916 gratiam
902 819 987 916 regis
1005 815 1154 916 Philippi,
1180 821 1237 916 qui

202 927 318 998 nostris
338 949 400 1021 pro
417 925 487 1021 ipso
512 925 666 996 attentius
693 919 908 1022 supplicabat,
934 935 1021 994 tum¹
1041 925 1118 1020 quia
1143 927 1237 1024 pium
1339 997 1345 1010 ,

202 1038 248 1109 eis
260 1031 443 1124 videbatur,
461 1029 481 1102 fi
499 1031 568 1104 sieri
586 1029 725 1129 posset,²
748 1031 933 1130 legitimum
955 1033 1048 1130 tegni
1070 1031 1236 1128 heredem,

40 1163 42 1190 ³
158 1191 165 1201 ·
202 1139 376 1212 crudeliter
384 1136 558 1230 deieclum,
572 1127 1120 1230 insedemsuamreducere3tum1
1137 1143 1236 1216 etiam

202 1271 340 1345 propter
363 1241 508 1320 eiusdem
532 1245 657 1316 iuvenis
679 1269 790 1341 preces
812 1267 910 1341 atque
927 1243 1108 1342 promissa,
1135 1249 1191 1344 qui
1214 1245 1236 1320 st

185 1356 361 1428 'restitutus
380 1351 475 1442 foret,
492 1375 653 1448 magnum
670 1351 848 1449 peregrinis
870 1347 1035 1442 omnibus,
1052 1355 1087 1424 ἀ
1106 1377 1186 1428 tunc
1201 1359 1236 1429 dt

66 1493 114 1550 (nr,
125 1503 177 1542 „a
200 1463 326 1560 postea,
345 1457 484 1558 prestare
498 1455 606 1554 posset
622 1457 786 1554 auxilium.
805 1457 929 1532 Aderat
950 1481 1061 1532 autem
1087 1463 1122 1532 ἀ
1144 1459 1236 1554 illud,

66 1597 115 1652 (err.
125 1609 184 1658 „a
201 1567 294 1667 quod
310 1561 463 1638 eamdem
479 1566 644 1636 ciuitatem
662 1565 770 1638 sancte
785 1589 922 1636 romane
931 1563 1064 1638 Ecclesre
1076 1591 1237 1640 noverant

200 1675 266 1750 esse
278 1673 433 1747 rebellem
444 1675 478 1744 δι
491 1669 653 1762 odiosam,
667 1695 729 1744 nec
741 1669 902 1770 putabant
913 1673 981 1744 eius
993 1672 1236 1772 oppressionem

200 1809 220 1854 a
237 1782 352 1854 nostris
368 1783 497 1852 summo
516 1779 676 1878 pontifici,
693 1779 746 1852 vel
762 1781 862 1851 etiam
880 1779 966 1872 Deo,
979 1779 1158 1876 plurimum
1174 1779 1235 1856 dis·

63 1891 330 1988 ultnffplicere.
360 1886 424 1960 Sed
451 1890 486 1958 ἃ
507 1889 638 1978 Veneti,
658 1911 800 1983 quorum
819 1887 954 1984 navigio
983 1883 1167 1980 utebantur,
1192 1887 1234 1962 ad

200 2000 265 2070 hoc
272 1997 428 2093 precipue
440 1989 665 2090 impellebant,
676 1995 796 2089 partim
807 1995 841 2064 in
856 1991 911 2090 spe
920 1991 1076 2090 promisse
1084 1997 1234 2091 pecunie,

200 2104 289 2173 cuius
305 2100 362 2173 illa
379 2125 460 2199 gena
484 2101 625 2172 maxime
642 2097 764 2196 cupida
781 2099 837 2192 est,
857 2100 977 2196 partim
1005 2125 1085 2172 vero
1107 2126 1169 2198 pro
1191 2127 1233 2174 eo

200 2208 292 2308 quod
323 2207 441 2280 eadem
479 2209 602 2300 civitat,
645 2205 875 2280 multitudine4
907 2208 1042 2280 navium
1075 2207 1167 2302 beta,
1198 2211 1232 2282 in

200 2341 271 2388 toto
305 2315 362 2386 illo
393 2317 474 2386 mari
511 2313 691 2410 principale
726 2309 781 2386 sibi
822 2311 1009 2386 dominium
1046 2313 1231 2416 arrogabat.

199 2423 328 2494 Harum
347 2423 499 2492 omnium
525 2447 633 2492 rerum
652 2423 690 2492 dt
713 2419 798 2494 sorte
822 2421 958 2493 aliarum
975 2421 1134 2494 concursu
1151 2421 1231 2496 illud

197 2528 381 2620 aclumest,
399 2552 436 2599 ut
451 2553 569 2600 omnes
583 2529 617 2598 in
636 2527 785 2600 savorem
802 2529 926 2602 iuvenis
941 2530 1139 2602 unanimiter
1151 2554 1231 2602 con·

197 2637 361 2726 sentirent,
386 2637 421 2706 &
443 2637 473 2707 ei
489 2635 583 2706 suum
600 2633 832 2731 pollicerentur
848 2635 1013 2708 auxilium.
1037 2639 1106 2710 Fuit
1121 2661 1232 2710 autem

196 2745 231 2814 δε
247 2742 321 2834 alia,
341 2766 377 2812 ut
394 2740 568 2832 credimus,
587 2741 694 2832 causa,
707 2739 810 2838 longe
827 2739 876 2810 bis
893 2739 1048 2814 omnibus
1065 2746 1232 2848 antiquior

196 2875 296 2947 atque
306 2851 485 2947 potentior,
496 2847 606 2920 divine
619 2847 739 2920 scilicet
753 2845 908 2920 bonitatis
920 2846 1102 2943 consilium,
1115 2851 1228 2949 quods

197 2982 333 3056 gentem
355 2958 446 3028 illam
469 2956 589 3028 elatam
611 2979 651 3027 ex
676 2980 784 3027 rerum
802 2953 982 3051 opulentia,
1005 2953 1049 3028 ab
1067 2956 1126 3028 illo
1149 2959 1230 3036 fastu

197 3067 254 3136 suo
268 3063 439 3161 deprimi,⁶
456 3067 490 3135 δε
509 3062 553 3136 ad
578 3087 696 3160 pacem
721 3065 768 3133 &·
783 3061 1000 3136 concordiam
1027 3063 1137 3142 sansle
1159 3067 1230 3138 uni·

196 3172 324 3247 versalis
348 3167 482 3242 Ecclefie
503 3195 656 3244 revocare
673 3170 739 3242 hoc
761 3168 878 3244 ordine
899 3167 1103 3268 disponebat.
1136 3170 1229 3246 Con·

195 3305 315 3379 gruum
332 3279 455 3375 quippe
472 3274 644 3364 videbatur
665 3299 701 3348 ut
718 3301 800 3377 gens
817 3276 902 3369 illa,⁷
920 3289 984 3374 qu'e
1003 3278 1094 3350 aliter
1108 3282 1230 3380 corrigi

195 3413 265 3460 non
282 3383 422 3478 valebat,
436 3393 619 3482 paucorum
632 3383 725 3478 cede,
734 3387 769 3456 δι
779 3411 887 3458 rerum
901 3384 1144 3482 temporalium,
1159 3390 1229 3483 qui·

194 3495 255 3568 bus
270 3495 479 3582 intumuerat,
497 3490 666 3564 amissione
678 3495 856 3590 puniretur,
871 3515 907 3566 ut
925 3495 960 3564 &
977 3492 1120 3590 populus
1137 3519 1228 3592 pere·

194 3601 306 3698 grinus
335 3596 549 3696 superborum
572 3598 683 3696 spoliis
707 3597 892 3692 ditesceret,
920 3600 955 3668 &
986 3621 1071 3670 terra
1094 3622 1166 3671 tota
1192 3603 1228 3672 in

195 3705 339 3788 nostram
358 3701 502 3775 transiret
524 3705 729 3800 potestatem,
742 3708 778 3776 ἃ
796 3704 1008 3778 occidentalis
1029 3703 1165 3778 Ecclesia
1180 3709 1227 3800 sa3

195 3813 369 3885 crosanctis
387 3797 541 3908 reliquiis,
564 3810 680 3908 quibus
701 3811 748 3884 illi
773 3813 805 3886 se
827 3811 985 3912 indignos
1006 3811 1232 3914 reddiderant,

194 3917 374 3992 illuminata
401 3945 561 4017 perpetuo
590 3920 749 3991 letaretur.
783 3918 914 3991 Accidit
942 3943 1052 3991 autem
1081 3923 1116 3992 ἃ
1134 3921 1225 4014 illud,

232 4144 242 4178 r
260 4128 336 4190 Cum,
346 4127 400 4190 (Cu
413 4156 444 4164 -
459 4146 472 4177 2
484 4126 568 4202 poffrt,
576 4127 630 4191 (Clr
642 4155 673 4165 -
741 4145 753 4190 s
765 4145 823 4196 que,
834 4128 965 4200 ‹1,M,c);
980 4128 1049 4197 quod
1058 4145 1122 4182 corr·
1132 4131 1225 4192 (Can),
1312 4145 1321 4156 ·

175 4205 676 4272 13·cum,tc);-4mu1ta‚<Ml;-
730 4205 1223 4282 ¹-6deprimeret‚sC);-7illad.in(C)·
1321 4231 1324 4236 ·
