3278 5212
1264 463 1282 558 5

257 663 380 738 praecipue
400 674 480 716 tamen
500 661 639 716 Mediolani
658 661 685 716 e'n
703 663 818 734 Liguria,
838 683 951 716 narrare
967 665 1157 734 aggrederetur.
1177 663 1288 719 Patriam

257 763 386 819 indicandi
402 781 468 817 mens
481 763 524 832 ips
541 763 655 831 nonfltit.
675 764 770 834 Scripsit
782 764 878 835 quidem
895 763 937 816 ille
952 765 1133 837 Solymurium
1143 763 1194 834 sed
1204 765 1289 820 titulus

259 864 301 918 ille
314 865 379 919 novi
387 864 506 919 carminis
518 883 564 920 non
573 863 691 918 convenit
700 863 816 918 Historia
826 865 1110 937 Constantinopolitunae
1122 883 1174 936 que
1185 864 1227 918 bic
1237 866 1290 919 edi-

260 975 319 1030 turs
335 962 377 1016 ille
388 961 452 1016 enim
464 961 527 1015 liber
539 961 649 1014 carmine
651 962 709 1033 fuit
713 961 832 1030 scriptus,
851 961 891 1015 bic
906 962 991 1032 prosa.
1011 963 1106 1017 Deinde
1123 963 1188 1017 alter
1195 963 1290 1033 forsan

234 1071 240 1084 ·
262 1059 480 1131 Hierosolymorum
493 1061 705 1132 expugnatimM,
718 1062 758 1116 let‘c
772 1061 995 1134 constantinopoleos
1008 1063 1092 1130 rq‘ert.
1107 1059 1292 1131 Diversasunt

261 1158 342 1228 igitur
354 1158 400 1212 orca
413 1157 534 1228 apostata.
550 1157 670 1226 conjura
680 1157 745 1212 aur
751 1159 777 1228 ſs
788 1159 834 1212 ..nc
845 1159 968 1227 cremae
979 1156 1077 1212 aaut
1091 1155 1169 1210 uscos
1181 1143 1292 1224 secedo,

261 1253 304 1323 qui
310 1255 399 1322 junior
411 1253 563 1308 carminibus
575 1255 669 1322 ludere,
678 1255 766 1325 senior
775 1255 861 1326 prosa,
879 1253 981 1326 impulsu
995 1253 1107 1310 Martini
1116 1255 1224 1323 abbatis,
1244 1255 1292 1310 iter

263 1355 544 1424 Constantinopolitanum
554 1356 633 1425 potuit
642 1355 788 1423 describere.

298 1453 337 1503 De
352 1461 455 1522 tempore
466 1471 510 1522 quo
516 1453 623 1522 scripsit,
635 1451 679 1506 diu
693 1471 736 1506 non
748 1451 781 1521 esi
792 1449 974 1520 disputandum,
986 1459 1014 1500 ιθ
1026 1449 1089 1504 enim
1097 1449 1219 1520 expeditio
1230 1455 1288 1508 Con-

260 1544 475 1615 flantenopolitana
487 1548 594 1615 conscita
605 1546 712 1616 eslanno
729 1564 804 1613 1204,
819 1565 871 1616 quo,
891 1547 953 1599 urbe
971 1555 1124 1616 expugnata,
1143 1545 1288 1616 balduinus,

261 1659 334 1696 comcs
347 1642 507 1710 Flandrenſss,
533 1642 625 1698 elcbiui
635 1643 668 1713 est
682 1646 823 1698 Graecorum
840 1643 987 1711 imperatam
1009 1650 1039 1692 2⁰
1054 1641 1182 1696 Martinus
1201 1643 1290 1708 abbas,

262 1740 304 1810 qui
304 1739 417 1808 sequenti
427 1757 491 1792 anno
501 1756 514 1791 e
528 1740 627 1794 Gracia
638 1741 760 1810 reversus
772 1739 810 1810 ιβ,
822 1741 975 1797 Guntleerurn
986 1742 1023 1794 ad
1034 1739 1209 1810 expeditionem
1219 1737 1289 1790 illam

263 1833 447 1902 describendam
458 1841 558 1912 impulit.
570 1843 670 1911 Ideoque
682 1841 708 1894 in
721 1840 847 1894 laudando
859 1837 971 1893 Martino
983 1838 1074 1891 abbate
1087 1821 1215 1906 Pierificns
1225 1847 1285 1891 totus

263 1933 295 2000 est
307 1938 466 1992 Gunrherus:
483 1937 554 1992 Vixit
566 1937 643 2008 igitur
651 1937 692 1992 ille
705 1937 773 1992 initio
780 1937 867 2008 saculi
877 1937 964 1992 deciri
975 1938 1043 1992 tertii
1047 1963 1054 2006 3
1073 1948 1101 2004 3⁰
1114 1937 1178 1990 illud
1186 1935 1285 2004 opuscu-

264 2038 314 2090 lum
326 2055 373 2092 non
385 2035 491 2106 consece't,
504 2035 549 2103 nis
554 2037 605 2107 post
615 2037 714 2090 moitem
727 2034 833 2104 Philippi
852 2033 1017 2104 imperatoris,
1036 2033 1079 2105 qui
1095 2034 1169 2103 casus
1187 2033 1220 2103 ιβ
1235 2051 1294 2085 ann.
1318 2089 1327 2116 o

271 2139 345 2186 1208.
364 2135 449 2201 Refert
459 2130 523 2185 enim
532 2131 581 2200 ipse
597 2130 768 2200 imperatorem
783 2129 809 2184 in
820 2129 968 2198 solennibus
974 2133 1008 2199 se
1031 2129 1046 2184 's
1066 2131 1177 2184 tabulam
1189 2129 1292 2200 gemmis

267 2239 390 2296 ornatam,
400 2229 511 2300 reliquiis
524 2229 638 2294 onusiam,
647 2227 744 2300 gestare
763 2227 922 2282 consuevisse.
944 2226 1049 2282 Obierat
1067 2227 1144 2296 igitur
1164 2225 1296 2296 Philippus,

267 2329 325 2380 dum
336 2329 388 2395 bec
390 2328 521 2397 scriberet
534 2330 682 2384 Guntberus.
700 2331 804 2398 Ideoque
821 2345 902 2380 annus
922 2344 989 2380 eoeo
1005 2327 1063 2382 ltuic
1077 2327 1144 2396 operi
1164 2328 1296 2398 afflgnatus

265 2427 301 2492 cst.
315 2429 412 2480 Catera
427 2425 492 2480 vide
504 2427 574 2494 apud
584 2424 711 2494 Caniſsum.

171 2593 175 2600 Ι
259 2593 260 2596 ¹
301 2526 393 2596 Aliqua
402 2525 467 2594 sunt
476 2524 517 2577 bic
535 2524 708 2592 observatione
725 2522 819 2592 digna.-
829 2523 910 2593 primo
923 2541 968 2576 non
984 2521 1131 2590 consentiunt
1147 2523 1228 2576 omnia
1244 2541 1297 2594 que

165 2627 169 2634 '
268 2621 309 2676 leic
320 2635 417 2676 narrat
429 2624 570 2676 Guntberus
582 2624 614 2675 de
625 2621 776 2692 expeditione
786 2619 1102 2690 Constantinopolitanacum
1108 2622 1163 2690 fido
1177 2620 1205 2672 lei
1221 2619 1295 2674 orica.

267 2717 350 2771 Fidem
361 2719 480 2772 adhibuit
490 2719 579 2772 abbati
590 2717 711 2785 Mantinea,
724 2721 767 2789 qui
774 2718 877 2772 laudum
882 2708 1133 2787 suarum'praeconem
1146 2718 1297 2788 quaesiverat

269 2817 297 2868 ὃ
305 2817 432 2870 dummodo
438 2816 488 2884 fibi
499 2817 658 2883 adularetur,
671 2829 761 2872 cetera
775 2817 962 2885 transmittebat.
977 2817 1003 2870 Si
1015 2817 1069 2888 quis
1084 2817 1160 2886 egitur
1175 2819 1239 2870 banc
1250 2835 1296 2870 ex·

263 2917 408 2987 peditionem
423 2913 703 2984 Constantinopolitanam
716 2913 858 2982 diligentius
870 2913 983 2967 examini
987 2913 1114 2984 subjicere
1126 2915 1199 2981 velit,
1213 2916 1298 2984 coosu-

267 3012 305 3066 lat
317 3012 443 3066 bzovium
456 3016 546 3066 adan.
565 3033 647 3080 ηομ
656 3013 773 3080 secundo,
786 3011 862 3081 nescio
872 3014 936 3066 unde
948 3015 1061 3082 quedam
1072 3013 1185 3079 hauserit
1197 3009 1293 3082 placita

267 3129 319 3182 que
326 3109 440 3180 religioni
450 3109 587 3180 christiana
596 3109 697 3162 multum
707 3109 857 3164 detrabunte
872 3125 882 3156 e
894 3108 976 3178 siqua
985 3127 1000 3160 a
1010 3110 1103 3179 populo
1114 3111 1197 3174 nostro
1206 3121 1294 3163 contra

270 3233 280 3260 u
293 3209 412 3279 pietatem
426 3208 661 3274 summittebantur,
671 3209 758 3262 eadem
770 3221 854 3261 tamen
869 3207 956 3277 utique
968 3207 1051 3260 divina
1061 3208 1191 3261 voluntate
1201 3209 1295 3278 semper

270 3328 279 3354 o
289 3305 354 3374 justa
368 3305 435 3358 faeta
449 3305 497 3358 effe
511 3328 521 3354 r
537 3325 583 3360 non
595 3307 700 3360 dubitat.
725 3309 792 3358 Deus
806 3315 878 3369 certe,
886 3323 1025 3374 quanquam
1034 3305 1184 3374 omnipotens,
1193 3303 1296 3358 neccri-

161 3474 163 3484 ,
267 3405 334 3458 mina
339 3379 459 3475 probare,
471 3421 514 3456 nec
528 3404 782 3474 injustasaccrejusla
791 3405 868 3472 potest.
886 3403 975 3468 Tertio,
981 3403 1031 3472 fibi
1040 3403 1208 3456 contradicere
1221 3401 1297 3454 vide·

267 3511 308 3552 tur
310 3500 427 3570 scriptor,
436 3505 494 3558 dum
504 3503 568 3556 inter
580 3501 698 3572 reliquias
707 3503 740 3554 ab
749 3501 839 3552 abbate
848 3501 981 3578 transtatas
993 3499 1201 3569 recensetlignum
1214 3501 1295 3552 Domi·

267 3597 326 3650 nica
344 3597 432 3661 crucis,
449 3615 503 3650 cum
514 3597 645 3666 scripfifflt
660 3595 823 3649 «venerabile
842 3597 921 3652 crucis
942 3597 1048 3665 lignum,
1069 3597 1160 3651 Christi
1178 3597 1296 3666 sanguine

271 3694 425 3764 «pessulum,
447 3694 483 3746 ita
496 3695 660 3759 occultatum,
673 3706 701 3747 ut
716 3711 790 3746 nemo
804 3694 964 3759 Christianus,
979 3693 1084 3764 quidde
1101 3695 1143 3747 illo
1162 3697 1245 3748 abtum
1260 3695 1298 3759 fis,

272 3810 282 3838 c
299 3790 338 3842 vel
352 3791 417 3844 unde
432 3791 522 3860 requici
532 3791 634 3854 debeat,
647 3789 707 3842 sciie
719 3789 798 3858 pollet.
817 3811 827 3838 ι

304 3885 375 3940 Mitto
393 3890 474 3942 odium
488 3890 611 3960 pontificis
624 3889 649 3941 in
670 3891 775 3954 Grecos,
790 3891 854 3958 quod
872 3889 1010 3956 laudatur,-
1022 3890 1074 3957 sed
1083 3889 1266 3961 caveat'jleblor
1280 3917 1297 3950 a

268 3987 393 4042 donatione
405 3989 552 4056 Constantini
561 3988 697 4058 tabulisque
705 3988 742 4040 ibi
753 3989 868 4055 annexis,
880 4001 908 4042 ut
918 3993 950 4042 dc
959 3991 1087 4060 pyramide
1100 3990 1125 4042 in
1137 4009 1187 4059 qua
1202 3995 1295 4062 versus

268 4083 376 4154 Sibyllini
387 4103 405 4136 a
413 4083 481 4153 longo
494 4093 595 4153 tempore
604 4083 716 4156 insculpti
725 4084 861 4139 vitiorium
872 4087 991 4153 clafficam
1004 4089 1097 4156 Latims
1105 4090 1297 4161 pollicebantur.

714 4256 846 4339 w?
