3256 5196
386 469 564 598 Historia
589 467 1065 600 Constantinopolitano.
1127 491 1135 514 ⁶
1183 473 1234 566 61

219 745 281 818 pro
297 745 341 792 eo
361 721 458 819 quod,
476 723 554 825 iicet
570 722 676 800 homo
695 723 847 818 nefarius,
866 725 922 798 alti
948 749 1059 802 tamen
1080 727 1328 828 sanguinium

220 851 297 919 erat,
326 856 398 904 eum
425 833 522 929 super
546 833 730 906 altiffimam
756 829 965 930 pyramidem
992 831 1081 927 duci,
1104 837 1140 908 ἀ
1166 833 1245 910 inde

220 932 326 1032 longo
342 936 428 1012 asseri
442 939 615 1038 alligatum
633 941 827 1037 precipitem
843 939 1019 1014 iaculando
1036 940 1119 1034 dari,
1136 965 1172 1014 ut
1189 943 1245 1039 qui

221 1039 262 1112 de
286 1041 353 1114 alto
370 1049 462 1146 regni
484 1047 567 1120 statu
586 1043 691 1118 subita
712 1046 898 1121 deiectione
925 1073 1102 1142 corruerat,
1128 1047 1245 1132 nihilo·

222 1150 328 1220 minus
345 1149 383 1224 ab
400 1153 468 1226 ulto
487 1151 609 1226 cadens
626 1177 770 1226 mortem
793 1154 1006 1240 miserrimam
1025 1153 1172 1252 quidem,
1191 1152 1246 1228 sed

223 1279 290 1356 non
307 1259 524 1356 turpiisrmam
545 1260 705 1334 invenirer
716 1293 727 1352 3
757 1257 849 1356 quod
875 1258 931 1334 ubi
949 1261 1073 1332 fadum
1098 1261 1154 1354 est,
1173 1285 1245 1332 toto

225 1387 355 1459 corpore
372 1363 615 1462 conquassatus,
638 1363 849 1438 cumdolore
870 1367 907 1438 δι
928 1367 1066 1460 miseria,
1081 1367 1246 1440 infelicem

224 1469 360 1566 spiritum
375 1473 546 1546 exhalavit.

292 1690 396 1782 Nune
412 1713 482 1782 ugo,
504 1715 581 1778 eece,
601 1689 693 1760 volo!
710 1715 803 1782 neque
819 1691 933 1784 dignus
949 1715 982 1760 er
997 1695 1055 1762 leue
1071 1717 1141 1760 nece
1147 1691 1223 1786 solo
1232 1722 1245 1774 ;

335 1799 395 1866 Sed
410 1822 507 1882 cruce,
517 1799 609 1888 fune,
627 1797 726 1878 molen·
743 1821 820 1867 nunc
837 1823 906 1890 oge,
924 1823 1001 1888 eece,
1017 1797 1109 1868 volo!

292 1905 412 1996 Dignus
428 1927 460 1970 es
477 1905 549 1994 igne
565 1906 653 1991 mori,
671 1905 780 1998 rapido
791 1905 875 1973 cibus
890 1903 948 1996 effe
958 1901 1067 1992 calori,

336 2011 427 2082 Certa
443 2009 600 2102 Iegesort',
620 2011 734 2104 dignus
750 2035 782 2080 es
799 2015 871 2104 igne
888 2013 977 2080 mori.

241 2163 246 2178 ·
290 2119 412 2210 Dignus
430 2115 461 2184 de
477 2119 541 2210 ipse
556 2141 624 2187 rote
644 2121 788 2210 torqueri,
803 2117 863 2206 uei,
880 2141 946 2188 eure
957 2141 1021 2188 roro

337 2225 471 2320 Corpore
477 2226 632 2318 submotu,
654 2225 767 2318 dignus
782 2223 814 2294 d
831 2227 896 2320 ipse
912 2249 1001 2304 rotu;

295 2332 349 2401 Vei
359 2334 433 2402 dore
450 2333 578 2402 membro
589 2335 686 2423 feris,
703 2331 751 2425 vei
773 2335 853 2402 utin
870 2341 968 2402 more¹
980 2333 1188 2430 preripirert's,

340 2441 396 2509 Vel
411 2445 464 2532 qui
471 2442 615 2534 ferreris,
632 2440 680 2536 vei
697 2441 770 2510 dore
787 2439 916 2508 membro
923 2441 1018 2530 feris.

211 2597 215 2604 -
290 2550 412 2640 Dignus
429 2573 461 2616 es
473 2571 621 2642 oppetere,
633 2531 811 2641 precisoque
827 2547 956 2616 membro
972 2545 1076 2616 videre

334 2652 476 2748 Turpiter
492 2653 523 2722 o
539 2655 656 2747 misere,
670 2655 784 2746 dignus
798 2677 830 2722 es
842 2676 989 2748 oppetere.

67 2761 68 2768 '
185 2824 187 2832 .
288 2763 368 2850 Trux
382 2766 489 2830 lromo!
498 2763 558 2852 fex
573 2765 743 2831 dominum!
762 2787 813 2832 cor
830 2761 942 2830 itabens
958 2763 1082 2846 immite,
1093 2763 1243 2852 ferinum,

333 2872 416 2938 Dum
424 2871 557 2962 perimis
570 2870 734 2954 dominum,
753 2891 820 2938 trux
832 2871 932 2952 leonto,
942 2869 1002 2958 fex
1017 2867 1178 2938 dominum.

287 2971 399 3066 Ye²que
414 2978 516 3066 tuique
530 2976 614 3044 modi
626 2977 747 3044 condies
759 2976 885 3066 detestor
899 2971 930 3042 d
942 2974 1007 3059 odi,
1020 3060 1022 3071 s

330 3084 364 3150 In
369 3081 480 3174 scrobe
491 3081 585 3173 digne
593 3082 682 3171 fodi,
696 3104 784 3172 tuque
800 3084 901 3172 tuique
912 3081 1017 3148 modi!

286 3185 328 3256 Te
339 3212 411 3257 roco
418 3186 620 3280 sacrilegum,
634 3186 792 3280 iugulator
801 3187 919 3281 perfide
936 3188 1064 3278 regum!

187 3353 189 3360 ,
335 3293 528 3386 Contemptus
541 3292 667 3386 legum!
684 3317 714 3361 te
731 3291 1010 3387 vocosaerilegum.

147 3488 150 3499 Ι
285 3401 351 3484 iure
366 3425 485 3493 repente
501 3403 598 3488 codis,
620 3402 690 3468 dunt
694 3401 812 3490 froude
817 3425 876 3494 per
889 3400 984 3469 arduo
996 3399 1095 3484 vodis,

334 3510 500 3600 criespecie
512 3508 627 3594 cludis,
646 3511 710 3586 iure
725 3530 845 3602 repente
864 3508 960 3576 codis.

287 3615 417 3701 Perfide,
435 3615 502 3684 dire
519 3615 599 3685 latro
607 3618 621 3682 l
629 3617 745 3704 ferenti
751 3615 874 3708 semper
887 3611 919 3681 δ’
933 3632 999 3682 otro

335 3725 462 3815 Dignus
478 3725 539 3793 eris
556 3724 687 3808 buretro,
696 3722 824 3816 perfide,
838 3722 905 3828 dire
917 3720 1015 3790 latro!

106 3939 205 4007 [Dium
261 3931 344 4004 ΧΧΙ.
371 3935 426 4012 De
446 3931 617 4030 pyramide
641 3955 752 4002 autem
773 3930 840 4023 illa,
863 3929 905 4002 de
923 3955 989 4035 qua
1004 3927 1061 4000 iste
1075 3932 1243 4025 proiedius

216 4038 269 4128 est,
295 4065 396 4134 quam
414 4041 612 4138 &plerique
630 4039 823 4111 columnam
838 4060 973 4127 vocant,
1000 4035 1124 4132 aliquid
1148 4062 1243 4110 nota-

69 4240 72 4270 ι
216 4142 278 4216 bile
287 4145 352 4218 dici
365 4147 486 4243 potest3
499 4148 656 4218 exstruiia
669 4147 714 4217 est
726 4147 838 4243 itaque
848 4144 890 4216 de
904 4145 1053 4232 maximis
1066 4142 1242 4245 lapidibus,

252 4303 263 4336 ι
280 4285 359 4354 Mari,
375 4285 437 4358 (cp
452 4315 485 4328 -
499 4283 516 4342 ἰ
529 4297 568 4352 tu,
581 4286 642 4360 (c).
