3256 5196
272 517 275 524 ,
371 415 1041 568 Historia'Constantinopolitano
1159 435 1217 560 65
1325 463 1329 476 ·

186 719 311 768 veteres
328 694 511 789 scripturas,
525 715 622 762 mons
634 690 781 764 Carmeli
794 693 995 785 nominatur,
1009 693 1103 765 locus
1113 695 1221 766 omni·
1237 724 1302 772 1²05

187 802 247 876 bus
273 799 370 890 bonis
401 797 593 890 uberrimus,
619 797 730 870 fertilis
759 797 904 897 frugum,
934 799 1063 874 vestitus
1094 801 1222 898 optime

144 895 152 908 ’
187 909 315 1000 uinetis,
343 906 424 978 oleis
449 907 485 976 δι
507 905 576 976 asiis
594 902 750 978 arborum
765 903 941 1004 generibus
958 906 1125 1008 eleganter
1142 930 1223 978 con·

56 1013 274 1107 summosam,
298 1013 425 1110 pascuis
447 1013 547 1084 etiam
573 1009 712 1108 copiosis
737 1009 936 1106 exuberans3
960 1015 996 1084 in
1019 1013 1086 1086 hoc
1108 1035 1224 1084 monte

189 1123 251 1196 tria
262 1123 338 1194 sunt
353 1117 596 1192 monachorum
614 1117 765 1211 cenobia,
784 1119 948 1193 distincias
964 1117 1007 1194 ab
1027 1121 1170 1214 invicem
1189 1121 1225 1192 δι

56 1255 84 1312 re)
92 1253 105 1299 r.
115 1265 142 1313 47
153 1259 179 1313 ro
190 1231 270 1302 latas
288 1223 500 1326 poffeffiones
517 1223 683 1320 habentia,
707 1223 826 1322 quibus
849 1224 998 1300 cenobiis
1022 1227 1077 1301 vel
1095 1223 1227 1326 smgulis

192 1361 227 1409 ut
243 1345 365 1426 erant,¹
383 1331 436 1404 vel
451 1333 488 1404 in
507 1357 611 1404 unum
633 1330 785 1426 redactis,
809 1334 879 1430 ipse
901 1329 1003 1406 abbas
1019 1335 1055 1405 dt
1072 1331 1228 1406 dominus
1321 1415 1327 1428 ¹

192 1439 374 1540 presideret.
399 1443 444 1512 At
460 1465 552 1532 vero,
568 1437 591 1510 sr
609 1440 715 1538 magis
738 1439 835 1514 vellet
856 1439 905 1512 sui
928 1437 1051 1512 ordinis
1080 1438 1229 1514 fratribus

193 1575 294 1648 quam
310 1549 379 1621 aliis
397 1543 532 1644 preesse,
551 1543 703 1619 cenobite
727 1545 774 1618 iili
791 1543 835 1616 ad
859 1545 923 1618 alia
947 1545 1024 1618 loca
1046 1545 1120 1620 satis
1137 1571 1229 1618 com·

193 1656 294 1730 mode
312 1655 579 1746 transferrentur3
600 1651 702 1726 abbas
726 1679 817 1745 ver0‚
841 1651 1012 1750 assumptis
1034 1653 1082 1726 sui
1106 1652 1230 1726 ordinis

181 1761 395 1860 bominibus,
411 1759 528 1858 quibus
544 1759 642 1834 veilet
655 1764 826 1856 &quanto
844 1759 943 1835 veliet
954 1785 1107 1854 numero,
1121 1785 1231 1834 totum

194 1871 310 1970 prefati
333 1870 457 1940 montis
483 1868 692 1960 territorium,
719 1889 789 1940 tam
806 1867 875 1964 ipse
900 1891 1001 1964 quam
1020 1869 1088 1940 eius
1108 1869 1230 1942 succes·

194 1979 291 2070 sores,
307 1999 468 2073 perpetua
487 1974 613 2048 ditione
635 1972 800 2047 liberrime
822 1971 1031 2072 possiderent.
1067 1974 1230 2048 Postremo

194 2081 217 2154 st
232 2083 279 2155 nil
296 2083 419 2154 horum
435 2105 633 2180 acceptaret,
651 2083 815 2179 acciperet
835 2107 856 2154 a
876 2105 956 2180 rege
976 2083 1012 2154 δι
1030 2081 1232 2180 principibus
1346 2171 1348 2176 ι

85 2219 88 2226 ⁴
196 2215 323 2264 tantam
351 2187 421 2262 auri
444 2180 639 2288 argentique
664 2191 852 2287 pecuniam,
879 2213 1040 2286 quantam
1059 2191 1128 2288 ipse
1150 2215 1233 2264 nun·

168 2359 172 2370 .
197 2325 298 2396 quam
321 2297 376 2386 =vel
400 2297 521 2394 posteri
543 2298 766 2394 presumerent
789 2299 843 2372 vel
870 2297 1054 2395 sperarent,
1074 2323 1176 2393 quam
1199 2302 1235 2372 ἃ

197 2403 407 2478 commodius
417 2406 528 2476 secum
537 2401 674 2498 deferre,
687 2407 722 2476 ἀ
738 2405 889 2476 secretius
906 2404 1083 2496 occultare,
1097 2407 1132 2478 dt
1145 2433 1233 2478 eam·

197 2513 274 2586 dent
286 2509 455 2584 ecciesram
461 2511 555 2583 suam
568 2509 683 2614 ditare,
691 2511 778 2584 facili
788 2509 896 2610 posset
903 2510 1139 2609 compendio²
1156 2513 1234 2610 Qe

159 2631 163 2658 ¹
198 2621 312 2691 omnia
325 2643 403 2708 cum
417 2615 519 2690 abbas
538 2642 698 2711 renueret,
718 2616 832 2692 dicens
852 2619 885 2690 se
902 2617 949 2689 nis
972 2617 1061 2690 aliud
1078 2617 1162 2692 velie
1178 2614 1235 2688 nist

197 2729 301 2798 sacras
316 2750 367 2796 res
380 2724 462 2815 illas,
481 2750 561 2820 quas
579 2727 670 2798 Deus
688 2721 834 2818 dederat,
853 2726 912 2796 suo
929 2723 1069 2798 fideliter
1085 2723 1237 2798 exhibere

199 2831 354 2924 cenobio,
361 2831 505 2928 prefatus
513 2831 728 2926 Wernherus,
736 2857 897 2930 tanquam
909 2830 1014 2902 homo
1027 2830 1237 2923 fidelissimus,

199 2943 360 3015 secretum
384 2940 499 3030 tenuit,
519 2941 565 3032 &,
583 2964 652 3010 tarn
667 2940 736 3036 ipse
753 2965 855 3036 quam
872 2941 926 3012 aiii
947 2939 1168 3036 quamplures,
1196 2935 1238 3008 ad

199 3051 319 3120 na'vem
345 3072 410 3142 que
435 3048 470 3116 in
495 3071 594 3142 portu
625 3071 738 3144 parata
761 3071 840 3138 erat,
866 3072 944 3118 curn
969 3044 1083 3118 debito
1111 3045 1240 3116 honore

200 3155 372 3252 prosecuti·
387 3153 461 3224 sunt
468 3187 479 3246 3
501 3179 602 3249 quarn
623 3153 799 3250 postquam
822 3149 981 3225 Martinus
1002 3151 1161 3251 ingressus
1184 3154 1241 3245 est,

201 3285 316 3334 mutua
337 3261 470 3332 caritate
494 3259 586 3330 dieto
610 3261 739 3334 vale&
766 3285 917 3358 accept0,
941 3262 1021 3334 feria
1047 3263 1142 3334 tertia
1165 3285 1241 3334 anre

201 3369 338 3460 Palmae,
368 3366 414 3437 illi
443 3364 487 3438 ad
513 3367 570 3444 sua
605 3367 781 3460 redierunt,
800 3368 959 3440 Martinus
984 3366 1131 3464 expansrs
1162 3368 1241 3442 velis

204 3497 317 3573 optate
335 3474 556 3570 navigationis
578 3472 894 3572 cursirmaggressus
915 3475 969 3546 est.
996 3473 1088 3548 Libet
1113 3476 1243 3572 insuper

204 3583 269 3654 hoc
290 3579 484 3676 loco,huic
516 3583 624 3652 nostre
650 3582 829 3654 narrationi
847 3580 993 3676 quedam
1018 3582 1156 3654 inserere
1178 3607 1242 3678 que

206 3690 285 3781 sola,
305 3685 328 3758 st
346 3687 409 3758 alia
431 3685 588 3778 deessent,
606 3689 679 3760 saris
711 3685 844 3785 possent
863 3689 1002 3760 astruere
1029 3715 1069 3759 ea
1094 3714 1158 3785 que
1185 3714 1243 3786 per

207 3793 361 3868 abbatem
386 3795 576 3886 Matrinum,
593 3795 647 3868 vel
667 3796 735 3866 iam
760 3796 850 3893 gesta
876 3793 1027 3887 diximus,
1054 3796 1107 3869 vel
1135 3793 1244 3868 adhuc

208 3899 349 3972 dicenda
365 3899 495 3991 restant,
513 3898 555 3971 de
579 3901 672 3973 fonte
697 3901 807 3976 divine
828 3901 1074 3998 dispensationis
1091 3899 1244 3972 ordinem
1336 3931 1339 3938 ’

208 4004 378 4104 accepisse.
409 4007 520 4077 Tertia
542 4004 703 4104 siquidem
728 4014 838 4102 nodie,
862 4033 1041 4104 antequam
1067 4007 1136 4104 ipse
1159 4008 1244 4080 Mar·
1367 4042 1369 4047 ¹

209 4117 295 4186 tinus
324 4114 370 4184 sui
399 4111 520 4186 reditus
556 4117 616 4186 iter
646 4120 812 4214 arriperet,
843 4114 980 4212 quidam
1012 4103 1148 4196 clericus
1188 4113 1245 4186 ad-

248 4263 259 4295 1
277 4247 423 4312 Uterentur,
438 4245 472 4314 (i)
489 4245 595 4315 (Can.);
610 4275 643 4286 -
658 4267 672 4298 2
687 4248 826 4325 impendio,
840 4246 939 4315 (Can.).

949 4365 1117 4430 ,‘9
