3256 5196
405 457 457 580 56
678 456 881 552 Guntbtrt'
901 458 1147 588 Purifienfis
1209 536 1212 546 .

1600 567 1601 624 i

1600 661 1601 698 i

314 753 382 802 1204
394 722 523 798 nutum
539 722 607 792 eius
625 718 840 817 habitumque
855 719 1073 815 tonsrderans,
1089 726 1124 794 δε
1136 721 1217 795 illud
1229 721 1430 796 tolerabilius
1448 741 1500 805 (ut.
1512 753 1534 798 17
1543 751 1563 786 u

393 828 542 901 iudicans
558 824 581 897 st
599 827 704 898 homo
724 827 893 927 religiosus
917 830 1022 901 sacras
1040 829 1191 924 reliquias
1215 855 1294 902 cum
1310 831 1430 902 timore

393 959 433 1010 ac
445 936 625 1008 reverentia
642 941 871 1028 contredlaret,
888 961 990 1033 quam
1006 932 1029 1005 st
1047 935 1203 1008 seculares
1219 937 1279 1010 viri
1293 935 1429 1008 fortaffis
1494 924 1497 934 ⁴
1600 979 1601 984 =

393 1045 534 1116 cruentis
551 1045 702 1118 manibus
721 1045 929 1135 funestarent,
946 1044 1100 1114 ferratam
1116 1043 1147 1114 ei
1165 1067 1278 1114 arcam
1292 1047 1429 1140 aperuit,
1600 991 1601 1084 1

393 1150 567 1224 ostendens
582 1155 612 1226 ei
629 1153 814 1225 thesaurum
821 1148 1080 1242 defiderabilem,
1095 1175 1196 1246 quem
1207 1151 1303 1247 super
1312 1177 1429 1226 omnes

332 1256 342 1272 ⁶
392 1283 491 1356 gazas
504 1263 642 1332 Grecie¹
661 1261 819 1331 Martinus
835 1254 938 1330 abbas
954 1253 1016 1328 srbi
1032 1279 1164 1354 gramm
1180 1259 1216 1328 ἃ
1235 1253 1429 1330 defiderabi-

391 1364 459 1436 lem
474 1366 649 1442 iudicabat.
681 1370 794 1466 Qem
810 1365 926 1441 videns
941 1361 1053 1456 abbas,
1064 1363 1249 1435 festinanter
1261 1367 1296 1435 δι
1309 1365 1431 1464 cupide

312 1505 314 1516 ⁴
392 1473 543 1571 utrasque
564 1501 680 1547 manus
700 1471 865 1565 immersu,
882 1475 918 1544 δι
934 1473 981 1542 uti
998 1471 1125 1542 strenue
1146 1470 1328 1542 succinttus
1350 1495 1430 1562 erat,

391 1579 505 1650 sacro²
521 1580 691 1681 sacrilegio
707 1579 793 1653 finus
808 1581 883 1652 suos
900 1578 1074 1676 implens,³
1092 1600 1160 1648 tam
1176 1576 1246 1674 ipse
1261 1602 1365 1673 quam
1377 1601 1429 1648 ca-

298 1692 302 1721 '
392 1687 551 1783 pellanus,
560 1715 600 1762 ea
608 1716 672 1787 que
682 1687 740 1763 fibi
751 1687 914 1788 potiffima
928 1683 1302 1782 videbanturqsagaciter
1319 1683 1429 1756 occul-

392 1795 483 1886 tavit,
500 1798 702 1893 &protinus
719 1792 863 1895 egreffus
879 1793 940 1886 est3
966 1817 1030 1888 que
1047 1813 1159 1862 autem
1171 1787 1242 1883 fint,
1259 1792 1429 1886 &quante

391 1904 609 1974 venerationis
625 1903 680 1976 iile
699 1928 780 2001 quas
796 1899 854 1974 srbi
870 1898 976 1998 predo
996 1899 1124 1970 sanetus
1141 1898 1356 1993 mancipavit,
1380 1923 1427 1970 re-
1486 1932 1492 1942 ·

390 2003 502 2101 liquit,
519 2005 554 2080 in
572 2009 638 2082 fine
658 2010 753 2082 buius
781 2007 950 2107 opusculi*
970 2005 1212 2101 competentius
1235 2027 1426 2100 exponetur.

298 2134 303 2140 ·
370 2178 374 2190 ,
390 2111 482 2183 Cum
498 2139 591 2213 erge,
607 2140 643 2187 ut
658 2119 704 2188 ira
720 2115 853 2211 loquar,
872 2111 916 2184 ad
933 2136 1032 2210 naves
1048 2113 1094 2182 ita
1110 2107 1334 2184 suffarcinatus
1350 2137 1428 2210 pro·

391 2242 529 2314 peraret,
546 2222 695 2296 videntes
707 2249 796 2314 eum,
810 2223 868 2317 qui
884 2241 1046 2292 noverant
1062 2219 1098 2289 &
1109 2213 1288 2310 amabant,
1306 2217 1349 2290 de
1370 2243 1426 2290 na·

391 2323 485 2398 vibus
514 2331 549 2400 &
575 2328 635 2427 ipsr
664 2352 879 2429 properantes
903 2325 947 2398 ad
968 2323 1120 2422 predam,
1149 2347 1193 2396 au
1221 2325 1289 2421 ipse
1317 2319 1428 2424 abqua

390 2431 555 2530 rapuiffet,
581 2461 637 2508 aut
660 2435 777 2534 quibus
803 2434 898 2509 rebus
922 2434 991 2531 ipse
1015 2434 1061 2504 ita
1088 2433 1221 2504 onustus
1248 2431 1428 2524 incederet,

226 2569 228 2577 ’
272 2629 275 2638 γ
389 2543 458 2612 leto
477 2545 590 2614 animo
616 2541 833 2640 requirebant.
858 2542 919 2639 ¹Ille
942 2565 1022 2613 vero
1046 2539 1128 2632 let0,
1149 2563 1185 2610 ut
1200 2539 1328 2635 semper
1347 2563 1429 2630 erat,

389 2649 492 2741 vultu,
511 2655 547 2722 δι
563 2649 669 2725 verbis
685 2649 857 2722 iucundis:
876 2681 895 2714 a
906 2651 992 2721 Bene
1010 2645 1185 2740 nqbiscum
1200 2651 1312 2718 atium
1327 2646 1383 2738 est,
1405 2677 1423 2710 u
1437 2667 1560 2730 (tofina

390 2755 551 2850 Saiebat3
569 2756 686 2854 quibus
718 2761 830 2830 «Deo
855 2759 1014 2856 gratias»
1044 2750 1328 2850 respondentibus,
1357 2753 1424 2849 ipse

390 2863 576 2938 festinanter
593 2865 758 2958 transiens,
772 2870 807 2938 &
818 2889 956 2936 omnem
969 2858 1197 2934 retardationis
1207 2861 1339 2932 causam
1351 2885 1423 2930 mo-

388 2969 465 3046 leste
483 2973 600 3066 ferens,
623 2973 667 3046 ad
690 3001 811 3048 navem
835 2971 976 3045 reversus
999 2969 1053 3060 est,
1076 2966 1188 3063 ibique
1210 2969 1246 3038 in
1270 2963 1424 3038 cubiculo

388 3077 460 3169 suu,
489 3079 581 3175 quod
612 3079 754 3153 habebat
778 3079 952 3150 honestum
975 3079 1011 3148 ὅ(
1031 3073 1206 3165 mundum,
1233 3075 1348 3147 votiva
1369 3069 1425 3142 illa

389 3183 444 3253 sue
467 3186 580 3257 militie
596 3187 701 3283 spolia
727 3187 915 3276 collocavit,
943 3181 1053 3254 donec
1073 3179 1125 3252 iile
1149 3179 1367 3284 tumultuosus
1388 3181 1424 3250 in

389 3287 469 3360 urbe
484 3289 632 3387 strepitus
651 3284 809 3364 resideret.
840 3287 909 3364 Ubi·
928 3290 1027 3359 etiam
1045 3286 1159 3384 postea
1179 3284 1289 3358 triduo
1307 3283 1423 3359 manfit

387 3399 423 3468 in
437 3397 539 3468 multe
550 3395 735 3471 devotionis
750 3396 921 3495 obsequio,
934 3392 1101 3468 nullosrbi
1113 3394 1207 3466 huius
1218 3395 1264 3466 rei
1277 3395 1422 3484 consum,

388 3527 495 3602 preter
513 3503 651 3575 alterum
668 3533 686 3576 e
705 3503 834 3578 duobus
852 3505 1041 3602 capellanis,
1065 3506 1099 3576 δι
1121 3503 1215 3574 illum
1232 3503 1344 3572 senem
1367 3497 1422 3594 qui

344 3644 348 3650 ¹
388 3611 419 3682 ei
441 3637 490 3682 res
510 3609 642 3683 easdem
664 3613 768 3684 sacras
791 3610 979 3702 tradiderat,
998 3611 1056 3704 qui
1078 3609 1189 3700 etiam,
1210 3607 1325 3680 videns
1347 3629 1423 3677 eum

387 3718 560 3790 hominem
576 3717 777 3792 benevolum
794 3745 834 3791 ac
849 3717 1028 3812 liberalem,
1044 3719 1113 3788 iam
1140 3717 1170 3788 ei
1193 3715 1267 3788 satis
1284 3711 1422 3785 familia·

387 3825 463 3897 riter
484 3827 683 3920 adherebat3
702 3829 792 3899 cuius
820 3828 920 3898 etiam
942 3823 1119 3894 ministerio
1136 3824 1268 3894 interim
1285 3823 1315 3894 ei
1332 3815 1421 3917 apud

389 3935 569 4030 quamdam
595 3934 740 4008 eiusdem
768 3933 854 4006 urbis
875 3930 1054 4024 cedebam,
1083 3931 1257 4006 honesturn
1286 3928 1421 4002 satis&

388 4041 620 4136 commodum,
638 4043 693 4114 sue
709 4038 900 4147 profeffioni
917 4041 1129 4131 conveniens,
1145 4038 1333 4138 preparavit
1348 4035 1419 4107 hos-

407 4218 409 4226 ’
426 4222 436 4257 r
451 4204 543 4272 Terre,
556 4201 627 4273 (M),
642 4231 676 4242 -
690 4219 705 4254 a
719 4201 789 4254 sacto
802 4201 827 4252 d.
842 4199 868 4252 in
930 4215 948 4261 4
964 4197 1053 4250 Postea
1067 4195 1264 4266 competentius,
1275 4195 1309 4264 (1,
1320 4195 1373 4262 C);
1388 4221 1419 4232 -

336 4311 338 4316 r
388 4284 444 4356 (1),
470 4313 504 4325 -
531 4302 545 4350 3
572 4282 715 4354 impellens,
740 4281 798 4351 (C).
932 4289 988 4346 5ut
999 4279 1061 4332 add.
1073 4276 1133 4346 (C).
1211 4300 1214 4304 ·
