3278 5212
345 981 348 1005 .
407 914 714 1008 GUNTHERI
747 906 1142 1014 SCHOLASTICL

552 1089 732 1162 uou'ncru
760 1105 991 1192 ryursrrusrs,

621 1308 916 1402 Hrs‘rouur
1166 1373 1169 1380 ,
1296 1429 1303 1440 ⁸

188 1485 191 1494 ’
299 1511 1246 1624 corssrnurruouournun¹

745 1709 800 1782 seu

74 1905 241 1970 ‹le-¹¹⁵¹⁰·
257 1893 324 1985 De
350 1891 652 2018 expugnatione
678 1885 789 1982 urbis
814 1885 1284 2020 Constantinopolitano,

320 2023 443 2135 uode,
467 2026 573 2118 inter
595 2019 702 2118 alios
724 2019 934 2150 reliquias,
958 2053 1112 2154 magno
1123 2053 1225 2150 pots

259 2227 262 2236 .
382 2205 386 2208 ·
411 2155 567 2278 furasse
594 2154 723 2251 crucis
744 2157 785 2246 iu
807 2150 1118 2248 Allemoorziom

444 2355 447 2362 -
506 2423 509 2430 λ
648 2284 891 2416 estatinae

625 2505 629 2512 ’
691 2573 693 2578 .
749 2506 781 2580 ἵ

96 2751 230 2812 (nm,
305 2722 326 2791 s.
360 2718 517 2792 Universa
540 2715 651 2792 divine
676 2709 803 2791 virtutis
827 2741 930 2814 opera
961 2715 1140 2813 plurimum
1163 2715 1285 2790 habent

74 2857 119 2917 (c)
131 2854 148 2902 f.
160 2868 190 2916 35
205 2823 490 2916 vuadmirationis,
502 2847 646 2916 eatenus,
659 2846 706 2912 ut,
719 2819 742 2892 sr
755 2847 821 2919 qua
832 2825 915 2896 mira
928 2847 999 2894 non
1008 2824 1092 2917 sunt,
1102 2849 1164 2896 nec
1174 2824 1285 2898 divina

263 2931 406 3016 debeant
430 2929 576 3004 iudicari.
596 2929 784 3027 Specialiter
805 2954 917 3004 tamen
945 2957 985 3003 ea
1013 2933 1124 3004 mirari
1148 2932 1283 3003 consue-

253 3042 369 3131 vimus,
390 3062 455 3133 que
471 3062 597 3136 magna
616 3041 651 3108 δε
670 3036 773 3109 ardua
792 3063 850 3134 per
870 3039 1008 3110 humiles
1026 3041 1192 3136 personas,
1210 3039 1283 3112 illo·

250 3173 324 3217 rum
337 3143 639 3244 scilicethominum
647 3144 859 3242 qui,&apud
867 3147 988 3244 seipsos
998 3173 1056 3244 per
1066 3147 1283 3220 humilitatem
1400 3235 1406 3245 s

249 3254 285 3322 in
300 3253 371 3322 imo
389 3253 474 3346 sunt,
493 3256 528 3325 δε
550 3251 640 3349 apud
661 3251 743 3324 alios
766 3253 864 3324 tantis
887 3250 983 3324 rebus
1003 3255 1111 3324 minus
1127 3278 1283 3352 putantur
1400 3319 1403 3332 .

249 3357 384 3452 ydonei,
404 3353 523 3430 eadem
548 3360 649 3432 virtus
674 3357 787 3433 divina
810 3358 965 3458 dignatur
985 3359 1162 3432 ostendere.
1184 3359 1282 3434 Unde

249 3467 284 3536 ἃ
300 3463 382 3536 illud
399 3467 505 3564 magis
522 3465 710 3546 mirandum
731 3467 787 3559 est,
812 3465 905 3562 quod
924 3491 983 3563 per
1002 3467 1151 3560 Moysen,
1174 3467 1280 3539 homi-

248 3597 327 3644 nem
344 3573 510 3668 privatum
534 3574 568 3642 &
594 3572 769 3664 humilem,
795 3575 852 3669 qui
873 3599 951 3648 oves
975 3575 1078 3646 soceri
1101 3576 1158 3646 sui
1175 3572 1280 3646 lethro

248 3677 380 3774 pascere
407 3677 542 3771 solebat,
569 3679 712 3776 populus
738 3677 883 3750 filiorum
907 3680 1022 3752 Israhel
1044 3680 1086 3754 de
1108 3678 1281 3774 tyrannide
1311 3675 1315 3684 ’
1413 3757 1415 3766 ,

247 3784 421 3856 Pharaonis
433 3784 521 3858 &de
538 3786 673 3858 fornace
690 3785 793 3858 ferrea
805 3786 929 3885 Egiptie
950 3789 1127 3861 servitutis³
1143 3786 1280 3859 edusius

246 3891 303 3983 est,
321 3917 423 3988 quam
445 3891 468 3962 fi
494 3918 553 3988 per
582 3892 727 3988 aliquem
751 3892 957 3964 fortissrmum
981 3919 1095 3992 regern
1115 3895 1151 3964 in
1178 3919 1279 3963 manu

247 3996 406 4070 valida&
420 3996 561 4069 millibus
576 4021 778 4069 armatorum
790 4000 934 4096 populus
954 3998 1045 4071 idem
1062 3998 1170 4071 fuisset
1188 4026 1279 4097 erep-

249 4127 309 4176 tus.
336 4106 389 4176 Sic
417 4107 452 4174 ἃ
474 4102 555 4174 illud
576 4105 694 4176 maiori
717 4105 848 4202 stupore
876 4107 1076 4204 suscipimus,
1102 4106 1194 4204 quod
1221 4133 1280 4204 per
1309 4105 1315 4112 ’

287 4281 298 4314 ι
318 4261 413 4316 taurus
427 4262 620 4334 yacuunnry
638 4267 734 4356 '7²d·
750 4265 776 4318 in
789 4263 815 4334 (1
832 4267 860 4318 u
874 4269 923 4334 c),
935 4296 969 4306 -
984 4283 997 4332 ς
1012 4269 1036 4320 u.
1051 4265 1077 4319 in
1093 4265 1163 4336 (Μ).
