3278 5212
373 693 382 720 u
396 670 474 724 annis.
484 668 631 721 instauravit
639 667 729 720 iterum
742 668 848 720 castrum
858 667 1011 738 Dagenstein
1021 685 1084 738 pene
1094 667 1238 738 coilapsum,
1245 667 1398 738 Dagoberti,

373 787 383 814 e
397 765 537 820 Galliarum
547 768 623 838 regis,
630 769 689 822 olim
703 768 825 821 sedemac
834 767 999 834 domicilium,
1008 769 1041 821 ab
1051 767 1141 820 eodem
1154 765 1231 820 etiam
1239 767 1397 820 exstruuum.

373 881 383 908 r
394 865 503 918 Deceffit
510 883 578 918 anno
585 865 707 918 incarnati
722 864 800 918 Verbi
817 883 894 931 1223,
905 864 1039 918 undecima
1051 865 1149 918 Martii.
1163 863 1286 935 Sepelitur
1297 859 1400 914 honori-

373 982 382 1010 ι
395 961 442 1015 fice
456 964 479 1016 δι
494 961 628 1034 magnifice
637 960 665 1015 in
680 962 807 1016 roudus,
817 962 941 1026 Andreae,
954 961 1024 1031 quod
1037 962 1071 1015 cst
1080 939 1109 1014 in
1119 960 1218 1014 bafilica
1229 958 1396 1014 cathedrali.»

368 1061 428 1116 Haes
438 1060 579 1128 Brusclsius.

864 1187 902 1274 ἵ

550 1483 819 1576 rnsnnon
852 1423 1219 1574 onsrrvnrro

417 1686 544 1748 [nisurum
558 1680 673 1746 Thesaurus
682 1695 857 1732 monumentorum
867 1683 1042 1748 ecclesiastieorum
1052 1685 1150 1744 (Anto,
1163 1695 1231 1746 1725,
1241 1682 1353 1747 ils-folio),

807 1765 879 1824 ssve
891 1782 912 1827 Ρ·
923 1764 964 1827 ”ji

434 1969 462 2024 Ν
473 1970 553 2021 eodem
565 1974 669 2035 tempore
677 1965 763 2034 plures
772 1967 877 2034 fuerint
888 1969 1012 2024 Guntlreri
1023 1970 1108 2024 merito
1124 1968 1286 2022 dubitaverit
1299 1969 1398 2039 aliquis.

372 1989 520 2136 AResert
531 2064 629 2136 quidem
644 2063 794 2116 urimemius
809 2067 964 2120 Guntherum
979 2069 1108 2137 quemdam
1125 2067 1275 2130 monachum,
1290 2070 1400 2124 carmine

367 2166 491 2237 prosaque
504 2159 747 2230 disertumfloruise
760 2160 915 2232 imperatoris
928 2164 1031 2219 Henrici
1041 2167 1080 2218 IV
1089 2166 1244 2235 temporibus,
1253 2167 1304 2236 sed
1313 2167 1355 2220 ille
1364 2169 1398 2220 ab

370 2277 397 2314 eo
408 2278 477 2330 quem
489 2259 630 2330 quarinum,
644 2259 719 2328 plane
731 2260 854 2328 diversus
868 2261 908 2331 esi,
921 2271 999 2331 utpote
1013 2261 1056 2331 qui
1060 2260 1151 2328 seculo
1153 2264 1216 2330 sere
1231 2261 1325 2332 integro
1331 2273 1400 2334 prae·

370 2359 467 2427 cesarie.
482 2357 552 2411 Alius
565 2358 598 2426 est
611 2358 753 2410 Guntherus
765 2356 808 2426 qui
819 2358 908 2427 Musas
921 2360 1015 2410 dudum
1023 2356 1165 2425 exsulantes
1176 2374 1289 2410 remeare
1294 2361 1377 2428 suffit.¹

501 2475 529 2540 ⁸«
547 2459 606 2508 Hoc
618 2472 720 2525 quoque
733 2473 774 2508 me
785 2456 869 2520 famae,
881 2456 898 2508 ss
912 2454 991 2508 desint
1003 2465 1102 2518 caetera,
1116 2453 1195 2506 solum

515 2572 525 2599 ι
542 2550 684 2606 Conciliato
697 2551 787 2621 potest,
800 2552 870 2621 quod
880 2554 936 2620 jam
949 2567 993 2621 per
1006 2548 1085 2602 multa
1098 2549 1205 2604 latentes

514 2670 524 2696 r
542 2648 646 2713 Saecuia,
658 2665 705 2702 nec
718 2648 804 2702 clauis
816 2649 916 2717 prodire
931 2649 1065 2719 penatibus
1078 2649 1151 2702 ausas*

514 2775 523 2800 r
541 2753 661 2818 Pierides,
672 2751 777 2822 vulgare
788 2769 861 2822 paro,
874 2751 1031 2821 priscumque
1043 2749 1159 2803 nitorem.

514 2871 525 2900 r
540 2853 658 2906 Reddere
671 2851 823 2907 carminibus
825 2871 1173 2904 .........
1243 2902 1247 2912 ¹

371 2951 396 3001 Is
407 2948 493 3002 laudes
507 2949 630 3002 Friderici
641 2949 794 3016 Ba'rbarffe
805 2951 886 3001 decem
904 2948 977 3001 libris
996 2946 1087 3000 cecinit.
1111 2946 1184 3000 Vixit
1204 2965 1251 3002 non
1270 2953 1338 3003 modo
1346 2948 1399 3017 sub

372 3045 559 3114 Friderico,sed
573 3045 656 3111 &sub
670 3044 865 3114 Henricosexto,
878 3042 1001 3096 Friderici
1006 3042 1069 3112 filis.

514 3145 587 3196 «Tu
600 3143 708 3213 primurn
723 3141 837 3212 placatus
851 3141 920 3206 ades,
934 3139 977 3210 qui
986 3143 1044 3209 jure
1058 3151 1164 3210 paterno

515 3239 669 3293 «Virtutum
683 3239 805 3308 regnique
819 3237 890 3290 fimul
903 3235 1026 3338 successor
1039 3239 1064 3290 ds
1078 3237 1156 3290 heres

514 3339 646 3408 «Sceptra
658 3337 732 3407 geris.
770 3375 776 3387 .
812 3349 822 3388 s
858 3358 1161 3389 .......

371 3435 454 3504 Itaque
462 3435 536 3499 finem
545 3433 780 3501 duodecimisaeculi,
794 3433 843 3487 vel
852 3436 926 3488 etiarn
943 3435 1017 3489 initia
1027 3437 1163 3506 sequentis,
1183 3436 1273 3507 attigit.
1293 3435 1335 3490 Illi
1353 3436 1399 3488 tri-

263 3559 268 3580 ι
369 3530 455 3588 buins'r
462 3541 548 3600 poema
561 3531 625 3598 quod
638 3529 806 3601 Solymarium
819 3532 897 3600 dixit,
908 3552 934 3588 eo
946 3537 1010 3605 quod
1021 3535 1057 3588 ibi
1068 3536 1157 3590 bellum
1168 3536 1399 3604 crucesignatorum

369 3630 557 3698 describerem.

405 3730 431 3782 Si
442 3745 512 3781 vera
522 3729 608 3795 serent
622 3741 675 3793 que
691 3724 753 3778 dicit
765 3725 894 3792 Baroniur,
908 3727 972 3782 hunc
990 3736 1085 3797 poetam
1093 3730 1170 3800 susse
1187 3711 1342 3798 Ligurinum,
1354 3729 1398 3785 lsoc
1488 3755 1499 3778 ι

370 3829 403 3898 est
410 3823 499 3898 patria
512 3822 725 3891 Mediolanensem,
732 3825 833 3876 deberes
842 3823 960 3893 distingui
970 3843 988 3876 a
996 3825 1121 3878 Gunthero
1134 3825 1177 3895 qui
1185 3823 1319 3879 Historiam
1330 3829 1399 3882 Con-

370 3923 613 3994 stantinopolitanam
628 3921 762 3974 exaravit.
798 3921 845 3974 Hic
856 3923 929 3988 enim,
944 3923 1041 3976 natione
1056 3927 1203 3987 Germanus,
1218 3924 1400 3992 canobitasuit

369 4025 395 4078 in
408 4021 546 4093 monasierio
559 4019 770 4089 Pariſsensjuxta
784 4019 910 4089 Basileam.
925 4023 973 4073 Sed
983 4022 1091 4087 erravit
1101 4021 1230 4089 Baronius,
1248 4023 1292 4092 qui
1303 4024 1397 4079 nulum

368 4117 487 4170 carminis
498 4137 518 4175 a
532 4119 656 4172 Gunthero
668 4119 730 4178 editi
740 4118 889 4172 autumvit
898 4116 942 4185 qse
953 4135 1035 4171 nomen
1050 4117 1122 4187 ipsus
1130 4101 1230 4186 patria.
1248 4117 1396 4188 Ligurinum

369 4213 438 4266 dixit
453 4213 544 4266 librum
554 4214 631 4280 suum
650 4215 799 4278 Gunslrerus,
814 4230 840 4266 eo
859 4217 923 4283 quod
937 4231 978 4266 res
993 4216 1074 4284 gestas
1093 4235 1111 4267 a
1128 4214 1252 4268 Friderieo
1269 4214 1296 4267 in
1314 4213 1397 4278 lusia,
